unixTime,bid,ask,tradeSize
1499558413,245.43,245.44,5
1499558415,245.4354076,245.5891493,5
1499558417,245.4354076,245.5891493,5
1499558418,245.44,245.5792166,5
1499558419,245.44,245.5792166,5
1499558420,245.44,245.569284,5
1499558421,245.44,245.5690688,5
1499558422,245.44,245.5590579,5
1499558423,245.44,245.5590579,5
1499558424,245.44,245.5590579,5
1499558425,245.44,245.5590579,5
1499558426,245.44,245.5590579,5
1499558427,245.44,245.5590579,5
1499558428,245.44,245.5590579,5
1499558429,245.44,245.5590579,5
1499558430,245.44,245.5590579,5
1499558431,245.44,245.5590579,5
1499558432,245.44,245.5590579,5
1499558433,245.44,245.5590579,5
1499558434,245.44,245.5986582,5
1499558435,245.4512539,245.5891039,5
1499558436,245.4512539,245.5891039,5
1499558437,245.46,245.5891039,5
1499558438,245.46,245.5791866,5
1499558439,245.46,245.5791866,5
1499558440,245.46,245.5791866,5
1499558442,245.46,245.5791866,5
1499558443,245.46,245.5791866,5
1499558445,245.46,245.578991,5
1499558446,245.46,245.5788932,5
1499558450,245.46,245.5690086,5
1499558451,245.46,245.5690086,5
1499558452,245.46,245.5690086,5
1499558453,245.46,245.5690086,5
1499558454,245.46,245.5788932,5
1499558455,245.46,245.5986625,5
1499558456,245.46,245.6283164,5
1499558457,245.46,245.6283164,5
1499558458,245.46,245.6283164,5
1499558459,245.46,245.6184318,5
1499558460,245.46,245.6085472,5
1499558461,245.46,245.6085472,5
1499558462,245.46,245.6085472,5
1499558463,245.46,245.6085472,5
1499558464,245.46,245.6085472,5
1499558465,245.46,245.6085472,5
1499558466,245.46,245.6085472,5
1499558470,245.46,245.6085472,5
1499558472,245.46,245.6085472,5
1499558473,245.46,245.6085472,5
1499558474,245.46,245.6085472,5
1499558475,245.46,245.6085472,5
1499558476,245.46,245.6085472,5
1499558477,245.46,245.6085472,5
1499558491,245.46,245.5887779,5
1499558492,245.46,245.5887779,5
1499558493,245.46,245.5788932,5
1499558494,245.46,245.5788932,5
1499558495,245.46,245.5492393,5
1499558496,245.46,245.5492393,5
1499558497,245.46,245.5393547,5
1499558498,245.46,245.52947,5
1499558499,245.46,245.5195854,5
1499558500,245.46,245.5097008,5
1499558501,245.46,245.5097219,5
1499558502,245.46,245.5097219,5
1499558503,245.46,245.4995745,5
1499558504,245.46,245.4799266,5
1499558505,245.46,245.4799266,5
1499558506,245.46,245.6061769,5
1499558507,245.46,245.5964907,5
1499558508,245.46,245.5868044,5
1499558509,245.46,245.5771182,5
1499558510,245.46,245.5577457,5
1499558511,245.46,245.5577457,5
1499558512,245.46,245.5383733,5
1499558513,245.46,245.5383733,5
1499558514,245.46,245.5383733,5
1499558515,245.46,245.528687,5
1499558516,245.46,245.5190008,5
1499558517,245.46,245.5093145,5
1499558518,245.46,245.5093145,5
1499558519,245.46,245.4993301,5
1499558520,245.46,245.4993301,5
1499558521,245.46,245.6037325,5
1499558522,245.46,245.59425,5
1499558523,245.46,245.5847674,5
1499558524,245.46,245.5752849,5
1499558525,245.46,245.5658024,5
1499558526,245.46,245.5658024,5
1499558527,245.46,245.5468373,5
1499558528,245.46,245.5468373,5
1499558529,245.46,245.5373548,5
1499558530,245.46,245.5373548,5
1499558531,245.46,245.5278722,5
1499558532,245.46,245.5183897,5
1499558533,245.46,245.5089071,5
1499558534,245.46,245.5089071,5
1499558535,245.46,245.4798859,5
1499558536,245.46,245.4798859,5
1499558537,245.46,245.47,5
1499558538,245.46,245.47,5
1499558539,245.46,245.47,5
1499558540,245.46,245.59425,5
1499558541,245.46,245.59425,5
1499558542,245.46,245.5658024,5
1499558543,245.46,245.5658024,5
1499558544,245.46,245.5468373,5
1499558545,245.46,245.5468373,5
1499558546,245.46,245.5373548,5
1499558547,245.46,245.5373548,5
1499558548,245.46,245.5373548,5
1499558549,245.46,245.5278722,5
1499558550,245.46,245.5183897,5
1499558551,245.46,245.4993301,5
1499558552,245.46,245.4896585,5
1499558553,245.46,245.4896585,5
1499558554,245.46,245.5183897,5
1499558555,245.46,245.5089071,5
1499558556,245.46,245.4993301,5
1499558557,245.46,245.4993301,5
1499558558,245.46,245.6606277,5
1499558559,245.46,245.6606277,5
1499558560,245.46,245.6511452,5
1499558561,245.46,245.6226976,5
1499558562,245.46,245.6226976,5
1499558563,245.46,245.6037325,5
1499558564,245.46,245.6037325,5
1499558565,245.46,245.5847674,5
1499558566,245.46,245.5752849,5
1499558567,245.46,245.5658024,5
1499558568,245.46,245.5563198,5
1499558569,245.46,245.4993301,5
1499558570,245.46,245.4993301,5
1499558571,245.46,245.4896585,5
1499558572,245.46,245.4896585,5
1499558573,245.46,245.47,5
1499558574,245.46,245.47,5
1499558575,245.46,245.47,5
1499558576,245.46,245.47,5
1499558577,245.46,245.59425,5
1499558578,245.46,245.4993301,5
1499558579,245.46,245.4993301,5
1499558580,245.46,245.4896585,5
1499558581,245.46,245.47,5
1499558582,245.46,245.47,5
1499558583,245.46,245.47,5
1499558584,245.46,245.47,5
1499558585,245.46,245.47,5
1499558586,245.46,245.47,5
1499558587,245.46,245.47,5
1499558588,245.46,245.4993301,5
1499558589,245.46,245.4993301,5
1499558590,245.46,245.4798859,5
1499558591,245.46,245.4798859,5
1499558592,245.46,245.47,5
1499558593,245.46,245.47,5
1499558594,245.46,245.5278722,5
1499558595,245.46,245.4993301,5
1499558596,245.46,245.4798859,5
1499558597,245.46,245.47,5
1499558598,245.46,245.47,5
1499558599,245.46,245.47,5
1499558600,245.46,245.47,5
1499558601,245.46,245.47,5
1499558602,245.46,245.47,5
1499558603,245.46,245.6725064,5
1499558604,245.46,245.6629098,5
1499558605,245.46,245.6533132,5
1499558606,245.46,245.6437165,5
1499558607,245.46,245.6245232,5
1499558608,245.46,245.4996724,5
1499558609,245.46,245.4898867,5
1499558610,245.46,245.48,5
1499558611,245.46,245.47,5
1499558612,245.46,245.47,5
1499558613,245.46,245.4996724,5
1499558614,245.47,245.6821031,5
1499558615,245.47,245.6821031,5
1499558616,245.47,245.6688402,5
1499558617,245.47,245.6594472,5
1499558618,245.47,245.6594472,5
1499558619,245.47,245.6500542,5
1499558620,245.47,245.6500542,5
1499558621,245.47,245.6500542,5
1499558622,245.47,245.6500542,5
1499558623,245.47,245.6500542,5
1499558624,245.47,245.6406613,5
1499558625,245.47,245.6406613,5
1499558626,245.47,245.6066613,5
1499558627,245.47,245.5992683,5
1499558628,245.47,245.5992683,5
1499558629,245.47,245.5992683,5
1499558630,245.47,245.5992683,5
1499558631,245.47,245.5992683,5
1499558632,245.47,245.5992683,5
1499558633,245.47,245.5992683,5
1499558634,245.47,245.5992683,5
1499558636,245.47,245.5992683,5
1499558640,245.47,245.5918754,5
1499558641,245.47,245.5918754,5
1499558642,245.47,245.5031191,5
1499558643,245.47,245.5031191,5
1499558644,245.47,245.5844824,5
1499558645,245.47,245.5844824,5
1499558646,245.47,245.5844824,5
1499558647,245.47,245.5844824,5
1499558648,245.47,245.5844824,5
1499558649,245.47,245.5844824,5
1499558650,245.47,245.5844824,5
1499558651,245.47,245.5747064,5
1499558652,245.47,245.5747064,5
1499558653,245.47,245.5747064,5
1499558654,245.47,245.5681281,5
1499558655,245.47,245.5681281,5
1499558656,245.47,245.5681281,5
1499558657,245.47,245.5681281,5
1499558658,245.47,245.5681281,5
1499558659,245.47,245.5681281,5
1499558660,245.47,245.5681281,5
1499558661,245.47,245.5681281,5
1499558662,245.47,245.5681281,5
1499558663,245.47,245.5681281,5
1499558664,245.47,245.5681281,5
1499558665,245.47,245.5681281,5
1499558666,245.47,245.5681281,5
1499558667,245.47,245.5681281,5
1499558668,245.47,245.5615498,5
1499558669,245.47,245.5855498,5
1499558670,245.47,245.5769715,5
1499558671,245.47,245.5683932,5
1499558672,245.47,245.5683932,5
1499558673,245.47,245.5683932,5
1499558674,245.47,245.5598149,5
1499558675,245.47,245.5598149,5
1499558676,245.47,245.5598149,5
1499558677,245.47,245.5598149,5
1499558678,245.47,245.5512366,5
1499558679,245.47,245.5512366,5
1499558680,245.47,245.5512366,5
1499558681,245.47,245.5512366,5
1499558682,245.47,245.56,5
1499558683,245.48,245.56,5
1499558684,245.55,245.6,5
1499558685,245.55,245.6,5
1499558686,245.55,245.6,5
1499558687,245.56,245.6,5
1499558688,245.56,245.59,5
1499558689,245.56,245.59,5
1499558690,245.56,245.59,5
1499558691,245.57,245.59,5
1499558692,245.57,245.59,5
1499558693,245.57,245.59,5
1499558694,245.57,245.5898371,5
1499558695,245.57,245.5898371,5
1499558696,245.57,245.5898371,5
1499558697,245.57,245.58,5
1499558698,245.57,245.58,5
1499558699,245.57,245.58,5
1499558700,245.57,245.58,5
1499558701,245.57,245.6317199,5
1499558702,245.57,245.6317199,5
1499558703,245.57,245.6243713,5
1499558704,245.57,245.6243713,5
1499558705,245.57,245.6243713,5
1499558706,245.57,245.6170228,5
1499558707,245.57,245.6170228,5
1499558708,245.57,245.6317199,5
1499558709,245.57,245.6317199,5
1499558710,245.57,245.5998371,5
1499558711,245.57,245.5998371,5
1499558712,245.57,245.5993485,5
1499558713,245.57,245.5993485,5
1499558714,245.57,245.6219282,5
1499558715,245.57,245.615394,5
1499558716,245.57,245.615394,5
1499558717,245.57,245.615394,5
1499558718,245.57,245.58,5
1499558719,245.57,245.58,5
1499558720,245.57,245.58,5
1499558721,245.57,245.58,5
1499558722,245.57,245.58,5
1499558723,245.57,245.58,5
1499558724,245.57,245.58,5
1499558725,245.57,245.58,5
1499558726,245.57,245.58,5
1499558727,245.57,245.58,5
1499558728,245.57,245.58,5
1499558729,245.57,245.58,5
1499558730,245.57,245.58,5
1499558731,245.57,245.58,5
1499558732,245.57,245.58,5
1499558733,245.57,245.58,5
1499558734,245.57,245.58,5
1499558735,245.57,245.58,5
1499558736,245.57,245.5898371,5
1499558737,245.57,245.5898371,5
1499558738,245.57,245.5898371,5
1499558739,245.57,245.5898371,5
1499558740,245.57,245.5898371,5
1499558745,245.57,245.5898371,5
1499558746,245.57,245.5898371,5
1499558747,245.57,245.5898371,5
1499558748,245.57,245.5898371,5
1499558749,245.57,245.5898371,5
1499558750,245.57,245.5898371,5
1499558751,245.57,245.5898371,5
1499558752,245.57,245.5898371,5
1499558753,245.57,245.6080455,5
1499558754,245.57,245.58,5
1499558755,245.57,245.58,5
1499558756,245.57,245.58,5
1499558757,245.57,245.58,5
1499558758,245.57,245.58,5
1499558759,245.57,245.58,5
1499558760,245.57,245.58,5
1499558761,245.57,245.58,5
1499558762,245.57,245.58,5
1499558763,245.57,245.58,5
1499558764,245.57,245.58,5
1499558765,245.57,245.58,5
1499558766,245.57,245.58,5
1499558767,245.57,245.58,5
1499558768,245.57,245.58,5
1499558769,245.57,245.58,5
1499558770,245.57,245.58,5
1499558771,245.57,245.58,5
1499558772,245.57,245.58,5
1499558773,245.57,245.58,5
1499558774,245.57,245.58,5
1499558775,245.57,245.58,5
1499558776,245.57,245.58,5
1499558777,245.57,245.58,5
1499558778,245.57,245.58,5
1499558779,245.57,245.58,5
1499558780,245.57,245.58,5
1499558781,245.57,245.58,5
1499558782,245.57,245.58,5
1499558783,245.5659068,245.58,5
1499558784,245.5659068,245.58,5
1499558786,245.5659068,245.58,5
1499558787,245.525824,245.58,5
1499558788,245.525824,245.58,5
1499558789,245.525824,245.58,5
1499558790,245.5346592,245.58,5
1499558791,245.5346592,245.58,5
1499558792,245.5346592,245.58,5
1499558793,245.5346592,245.58,5
1499558794,245.5346592,245.58,5
1499558795,245.5346592,245.58,5
1499558796,245.5346592,245.58,5
1499558797,245.5346592,245.58,5
1499558798,245.5346592,245.58,5
1499558799,245.5346592,245.58,5
1499558800,245.5346592,245.58,5
1499558801,245.5434944,245.58,5
1499558802,245.5434944,245.58,5
1499558803,245.5434944,245.58,5
1499558804,245.5434944,245.58,5
1499558805,245.5434944,245.58,5
1499558806,245.5434944,245.58,5
1499558807,245.5434944,245.58,5
1499558808,245.5400006,245.58,5
1499558809,245.5400006,245.58,5
1499558810,245.5400006,245.58,5
1499558811,245.5400006,245.58,5
1499558812,245.5400006,245.58,5
1499558813,245.4675221,245.58,5
1499558814,245.4800017,245.58,5
1499558815,245.4800017,245.58,5
1499558816,245.4800017,245.58,5
1499558817,245.4900015,245.58,5
1499558818,245.49,245.57,5
1499558819,245.49,245.56,5
1499558820,245.49,245.57,5
1499558821,245.49,245.55,5
1499558822,245.49,245.54,5
1499558823,245.49,245.52,5
1499558824,245.49,245.5,5
1499558825,245.49,245.54,5
1499558826,245.49,245.52,5
1499558827,245.49,245.5,5
1499558828,245.4716,245.51,5
1499558829,245.4576,245.5,5
1499558830,245.4576,245.49,5
1499558831,245.42,245.45,5
1499558832,245.2700027,245.45,5
1499558833,245.2700027,245.43,5
1499558834,245.2800025,245.54,5
1499558835,245.43,245.53,5
1499558836,245.2900023,245.52,5
1499558837,245.2900023,245.51,5
1499558838,245.2900023,245.5,5
1499558839,245.2900023,245.43,5
1499558840,245.3000021,245.43,5
1499558841,245.3000021,245.43,5
1499558842,245.3000021,245.43,5
1499558843,245.310002,245.43,5
1499558844,245.2900023,245.43,5
1499558845,244.8900094,245.43,5
1499558846,244.8900094,245.43,5
1499558847,244.8900094,245.43,5
1499558848,244.9000093,245.43,5
1499558849,244.9000093,245.43,5
1499558850,244.9000093,245.43,5
1499558851,244.9100091,245.43,5
1499558852,244.9100091,245.43,5
1499558853,244.9100091,245.43,5
1499558854,244.9100091,245.43,5
1499558855,244.9100091,245.43,5
1499558856,244.9200089,245.43,5
1499558857,244.9200089,245.43,5
1499558858,244.9200089,245.43,5
1499558859,244.9200089,245.43,5
1499558860,244.9200089,245.43,5
1499558861,244.9300087,245.43,5
1499558862,244.9400085,245.43,5
1499558863,244.9500084,245.43,5
1499558864,244.9500084,245.43,5
1499558865,244.9500084,245.43,5
1499558866,244.9600082,245.43,5
1499558867,244.9600082,245.43,5
1499558868,244.970008,245.43,5
1499558869,244.970008,245.43,5
1499558870,244.970008,245.43,5
1499558871,244.9800078,245.43,5
1499558872,244.9800078,245.43,5
1499558873,244.9800078,245.43,5
1499558874,244.9800078,245.43,5
1499558875,244.9800078,245.43,5
1499558876,244.9800078,245.43,5
1499558877,244.9800078,245.43,5
1499558878,244.9800078,245.43,5
1499558879,244.9800078,245.43,5
1499558880,244.9800078,245.43,5
1499558881,244.9800078,245.43,5
1499558882,244.9800078,245.43,5
1499558883,244.98,245.41,5
1499558884,244.98,245.39,5
1499558885,244.98,245.37,5
1499558886,244.98,245.37,5
1499558887,244.98,245.35,5
1499558888,244.98,245.35,5
1499558889,244.98,245.33,5
1499558890,244.98,245.32,5
1499558891,244.98,245.17,5
1499558892,244.98,245.16,5
1499558893,244.98,245.16,5
1499558894,244.98,245.16,5
1499558895,244.98,245.16,5
1499558896,244.87,245.16,5
1499558897,244.88,244.99,5
1499558898,244.88,244.99,5
1499558899,244.88,244.99,5
1499558900,244.88,244.99,5
1499558901,244.88,244.99,5
1499558902,244.88,244.99,5
1499558903,244.88,244.99,5
1499558904,244.88,244.99,5
1499558905,244.88,244.99,5
1499558906,244.88,244.99,5
1499558907,244.88,244.99,5
1499558908,244.88,244.99,5
1499558909,244.88,244.99,5
1499558910,244.88,244.99,5
1499558911,244.88,244.95,5
1499558913,244.88,244.94,5
1499558914,244.88,244.94,5
1499558915,244.88,244.94,5
1499558916,244.88,244.94,5
1499558917,244.88,244.94,5
1499558918,244.88,244.94,5
1499558919,244.88,244.94,5
1499558920,244.88,244.94,5
1499558921,244.88,244.94,5
1499558922,244.88,244.94,5
1499558923,244.88,244.94,5
1499558924,244.88,244.94,5
1499558925,244.88,244.94,5
1499558926,244.88,244.94,5
1499558928,244.88,244.94,5
1499558929,244.78,244.94,5
1499558930,244.78,244.94,5
1499558931,244.78,244.95,5
1499558932,244.78,244.95,5
1499558933,244.78,244.95,5
1499558934,244.78,244.96,5
1499558935,244.78,244.96,5
1499558936,244.78,244.88,5
1499558937,244.79,244.88,5
1499558938,244.79,244.88,5
1499558939,244.79,244.88,5
1499558945,244.79,244.88,5
1499558946,244.79,244.88,5
1499558947,244.79,244.88,5
1499558949,244.79,244.88,5
1499558950,244.79,244.88,5
1499558951,244.79,244.88,5
1499558952,244.79,244.88,5
1499558953,244.79,244.88,5
1499558954,244.79,244.88,5
1499558955,244.79,244.88,5
1499558956,244.79,244.88,5
1499558957,244.79,244.88,5
1499558958,244.79,244.88,5
1499558959,244.79,244.88,5
1499558960,244.79,244.88,5
1499558961,244.79,244.88,5
1499558962,244.79,244.88,5
1499558963,244.79,244.88,5
1499558964,244.79,244.88,5
1499558965,244.78,244.99,5
1499558966,244.78,245.056,5
1499558967,244.78,245.056,5
1499558968,244.78,245.056,5
1499558970,244.78,245.056,5
1499558971,244.78,245.056,5
1499558978,244.78,244.99,5
1499558981,244.78,244.99,5
1499558982,244.78,244.99,5
1499558987,244.79,244.99,5
1499558988,244.79,244.99,5
1499558989,244.79,244.99,5
1499558990,244.79,244.99,5
1499558991,244.79,244.99,5
1499558992,244.79,244.99,5
1499558993,244.78,245.0480245,5
1499558994,244.74,245.0240122,5
1499558995,244.74,244.99,5
1499558996,244.79,244.98,5
1499558997,244.79,244.97,5
1499558998,244.788002,244.96,5
1499558999,244.76,244.96,5
1499559000,244.76,244.96,5
1499559001,244.76,244.96,5
1499559002,244.6,244.96,5
1499559003,244.6,244.96,5
1499559004,244.6,244.96,5
1499559005,244.6,244.96,5
1499559006,244.6,244.96,5
1499559007,244.54,244.67,5
1499559008,244.51,244.67,5
1499559009,244.51,244.66,5
1499559010,244.51,244.66,5
1499559011,244.51,244.66,5
1499559012,244.51,244.66,5
1499559013,244.51,244.66,5
1499559014,244.51,244.66,5
1499559015,244.51,244.66,5
1499559016,244.51,244.66,5
1499559017,244.51,244.66,5
1499559018,244.27,244.66,5
1499559019,244.28,244.66,5
1499559021,244.27,244.66,5
1499559022,244.27,244.66,5
1499559023,244.27,244.66,5
1499559024,244.28,244.66,5
1499559025,244.28,244.66,5
1499559028,244.28,244.63,5
1499559029,244.28,244.62,5
1499559030,244.16,244.62,5
1499559031,244.16,244.62,5
1499559032,244.16,244.62,5
1499559033,244.17,244.62,5
1499559034,244.16,244.62,5
1499559035,244.18,244.62,5
1499559036,244.18,244.62,5
1499559037,244.18,244.62,5
1499559038,244.18,244.62,5
1499559039,244.18,244.62,5
1499559040,244.18,244.62,5
1499559041,244.16,244.62,5
1499559042,244.16,244.62,5
1499559043,244.16,244.62,5
1499559044,244.16,244.62,5
1499559045,244.16,244.62,5
1499559046,244.16,244.62,5
1499559047,244.16,244.62,5
1499559048,244.16,244.62,5
1499559049,244.18,244.62,5
1499559050,244.19,244.62,5
1499559051,244.19,244.62,5
1499559052,244.19,244.54,5
1499559053,244.09,244.54,5
1499559054,244.08,244.54,5
1499559055,244.08,244.54,5
1499559056,244.1,244.54,5
1499559057,244.09,244.54,5
1499559058,244.1,244.54,5
1499559059,244.09,244.5300204,5
1499559060,244.09,244.48,5
1499559061,244.1,244.48,5
1499559062,244.12,244.48,5
1499559063,244.08,244.48,5
1499559064,244.09,244.48,5
1499559065,244.1,244.48,5
1499559066,244.09,244.48,5
1499559067,244.09,244.48,5
1499559068,244.1,244.48,5
1499559069,244.09,244.48,5
1499559070,244.11,244.48,5
1499559071,244.09,244.48,5
1499559072,244.11,244.48,5
1499559073,244.09,244.48,5
1499559074,244.08,244.48,5
1499559075,244.1,244.48,5
1499559076,244.11,244.48,5
1499559077,244.13,244.48,5
1499559078,244.08,244.48,5
1499559079,244.08,244.48,5
1499559080,244.11,244.48,5
1499559081,244.08,244.48,5
1499559082,244.1,244.48,5
1499559083,244.13,244.48,5
1499559084,244.12,244.48,5
1499559085,244.13,244.48,5
1499559086,244.08,244.48,5
1499559087,244.11,244.48,5
1499559088,244.12,244.48,5
1499559089,244.15,244.48,5
1499559090,244.08,244.48,5
1499559091,244.09,244.48,5
1499559092,244.1,244.48,5
1499559093,244.09,244.48,5
1499559094,244.08,244.48,5
1499559095,244.08,244.48,5
1499559096,244.1,244.48,5
1499559097,244.12,244.48,5
1499559098,244.09,244.48,5
1499559099,244.28,244.49,5
1499559100,244.28,244.48,5
1499559101,244.3,244.48,5
1499559102,244.28,244.49,5
1499559103,244.3,244.48,5
1499559104,244.29,244.48,5
1499559105,244.28,244.48,5
1499559106,244.28,244.48,5
1499559107,244.28,244.48,5
1499559108,244.28,244.48,5
1499559109,244.28,244.48,5
1499559110,244.28,244.49,5
1499559111,244.28,244.49,5
1499559112,244.28,244.49,5
1499559113,244.28,244.48,5
1499559114,244.28,244.48,5
1499559115,244.28,244.48,5
1499559116,244.28,244.48,5
1499559117,244.28,244.48,5
1499559118,244.28,244.48,5
1499559119,244.28,244.48,5
1499559120,244.28,244.48,5
1499559121,244.28,244.48,5
1499559122,244.28,244.48,5
1499559123,244.35,244.48,5
1499559124,244.35,244.48,5
1499559125,244.35,244.48,5
1499559126,244.35,244.48,5
1499559127,244.35,244.48,5
1499559129,244.35,244.48,5
1499559130,244.35,244.48,5
1499559131,244.36,244.48,5
1499559132,244.36,244.48,5
1499559133,244.36,244.48,5
1499559134,244.36,244.6740938,5
1499559135,244.36,244.6740938,5
1499559136,244.36,244.6740938,5
1499559137,244.36,244.41,5
1499559138,244.36,244.41,5
1499559139,244.36,244.41,5
1499559140,244.48,244.6580857,5
1499559141,244.45,244.6500816,5
1499559142,244.4,244.6420775,5
1499559143,244.4,244.48,5
1499559144,244.4,244.48,5
1499559145,244.4,244.48,5
1499559146,244.4,244.48,5
1499559147,244.4,244.48,5
1499559148,244.4,244.48,5
1499559149,244.41,244.48,5
1499559150,244.41,244.48,5
1499559151,244.41,244.48,5
1499559152,244.41,244.48,5
1499559153,244.41,244.48,5
1499559154,244.3,244.48,5
1499559155,244.3,244.6180653,5
1499559156,244.3,244.6180653,5
1499559157,244.3,244.48,5
1499559158,244.32,244.6020571,5
1499559159,244.3,244.48,5
1499559160,244.31,244.586049,5
1499559161,244.3,244.48,5
1499559162,244.3,244.32,5
1499559163,244.3,244.47,5
1499559164,244.31,244.5620367,5
1499559165,244.31,244.48,5
1499559166,244.33,244.41,5
1499559167,244.31,244.41,5
1499559168,244.3,244.41,5
1499559169,244.31,244.41,5
1499559170,244.32,244.41,5
1499559171,244.33,244.37,5
1499559173,244.31,244.36,5
1499559174,244.31,244.36,5
1499559175,244.31,244.36,5
1499559176,244.31,244.36,5
1499559177,244.32,244.35,5
1499559178,244.32,244.35,5
1499559179,244.34,244.35,5
1499559180,244.34,244.35,5
1499559181,244.34,244.35,5
1499559182,244.34,244.35,5
1499559183,244.34,244.35,5
1499559184,244.34,244.35,5
1499559185,244.31,244.55,5
1499559186,244.33,244.55,5
1499559187,244.34,244.5497605,5
1499559188,244.42,244.55,5
1499559189,244.47,244.55,5
1499559190,244.47,244.55,5
1499559191,244.47,244.55,5
1499559192,244.47,244.55,5
1499559193,244.47,244.55,5
1499559194,244.47,244.55,5
1499559195,244.47,244.55,5
1499559196,244.47,244.55,5
1499559197,244.47,244.55,5
1499559198,244.5,244.55,5
1499559199,244.5,244.55,5
1499559200,244.5,244.55,5
1499559201,244.5,244.55,5
1499559202,244.51,244.55,5
1499559203,244.51,244.55,5
1499559204,244.51,244.78,5
1499559205,244.55,244.77,5
1499559206,244.55,244.77,5
1499559207,244.55,244.7697483,5
1499559208,244.55,244.7597605,5
1499559209,244.55,244.56,5
1499559210,244.55,244.56,5
1499559211,244.55,244.56,5
1499559212,244.55,244.7297974,5
1499559213,244.55,244.56,5
1499559214,244.55,244.7098219,5
1499559215,244.56,244.709914,5
1499559216,244.56,244.6999202,5
1499559217,244.56,244.6999202,5
1499559218,244.56,244.6997667,5
1499559219,244.56,244.57,5
1499559220,244.56,244.6798035,5
1499559221,244.56,244.6798035,5
1499559222,244.56,244.6798035,5
1499559223,244.56,244.6798035,5
1499559224,244.56,244.6798035,5
1499559225,244.56,244.6798035,5
1499559226,244.57,244.6799386,5
1499559227,244.57,244.6799386,5
1499559228,244.57,244.6699447,5
1499559229,244.57,244.6699447,5
1499559230,244.57,244.6699447,5
1499559231,244.57,244.6599509,5
1499559232,244.57,244.6599509,5
1499559233,244.57,244.6599509,5
1499559234,244.57,244.6599509,5
1499559235,244.57,244.6599509,5
1499559236,244.58,244.66,5
1499559237,244.58,244.66,5
1499559238,244.58,244.6498772,5
1499559239,244.58,244.6498772,5
1499559240,244.58,244.6498772,5
1499559241,244.58,244.6498772,5
1499559242,244.58,244.6498772,5
1499559243,244.58,244.6498772,5
1499559244,244.58,244.6498772,5
1499559245,244.58,244.6498772,5
1499559247,244.59,244.649914,5
1499559249,244.59,244.6399386,5
1499559250,244.59,244.6099939,5
1499559251,244.59,244.6099939,5
1499559252,244.59,244.6,5
1499559253,244.59,244.6,5
1499559254,244.59,244.6,5
1499559255,244.59,244.6,5
1499559256,244.59,244.6,5
1499559257,244.59,244.6,5
1499559258,244.59,244.61,5
1499559259,244.59,244.61,5
1499559260,244.59,244.6299816,5
1499559261,244.59,244.61,5
1499559262,244.59,244.6,5
1499559263,244.59,244.6,5
1499559264,244.59,244.6,5
1499559265,244.59,244.6,5
1499559266,244.59,244.6,5
1499559267,244.57,244.6,5
1499559269,244.56,244.6,5
1499559270,244.56,244.6,5
1499559271,244.56,244.6,5
1499559272,244.56,244.59,5
1499559273,244.31,244.59,5
1499559274,244.3,244.5893737,5
1499559275,244.3,244.5992018,5
1499559276,244.3,244.5792632,5
1499559277,244.3,244.5792632,5
1499559278,244.3,244.5792632,5
1499559279,244.3,244.5792632,5
1499559280,244.3,244.5787843,5
1499559281,244.3,244.5784957,5
1499559282,244.3,244.5784957,5
1499559283,244.3,244.5685571,5
1499559284,244.3,244.5685571,5
1499559285,244.3,244.5685571,5
1499559287,244.3,244.5685571,5
1499559289,244.3,244.5678203,5
1499559290,244.3,244.5678203,5
1499559295,244.3,244.5678203,5
1499559297,244.3,244.3399079,5
1499559299,244.3,244.329957,5
1499559300,244.3,244.3399079,5
1499559301,244.3,244.3399079,5
1499559305,244.3,244.5579124,5
1499559309,244.3,244.3199877,5
1499559311,244.3,244.3199877,5
1499559312,244.3,244.3199877,5
1499559313,244.3,244.3199877,5
1499559320,244.3,244.3199877,5
1499559321,244.3,244.3199877,5
1499559322,244.36,244.6299447,5
1499559323,244.37,244.6199754,5
1499559326,244.39,244.6299447,5
1499559327,244.47,244.6697544,5
1499559330,244.47,244.59,5
1499559334,244.48,244.59,5
1499559335,244.48,244.59,5
1499559336,244.47,244.5997237,5
1499559340,244.48,244.6196377,5
1499559341,244.47,244.6096869,5
1499559343,244.47,244.5897544,5
1499559345,244.47,244.5079857,5
1499559346,244.47,244.5079857,5
1499559347,244.37,244.5079857,5
1499559348,244.46,244.5079857,5
1499559349,244.46,244.5159713,5
1499559352,244.46,244.5955086,5
1499559353,244.46,244.5635414,5
1499559355,244.46,244.5952876,5
1499559356,244.46,244.5714841,5
1499559357,244.46,244.5873633,5
1499559358,244.46,244.5873633,5
1499559359,244.46,244.5873633,5
1499559360,244.46,244.5873633,5
1499559361,244.46,244.5873633,5
1499559362,244.46,244.5873633,5
1499559363,244.46,244.5158792,5
1499559364,244.46,244.5158792,5
1499559365,244.46,244.5158792,5
1499559366,244.46,244.5158792,5
1499559367,244.46,244.5158792,5
1499559368,244.46,244.5158792,5
1499559369,244.46,244.5158792,5
1499559370,244.46,244.5158792,5
1499559371,244.46,244.5158792,5
1499559372,244.46,244.5158792,5
1499559373,244.46,244.5158792,5
1499559374,244.46,244.5158792,5
1499559375,244.46,244.5158792,5
1499559376,244.38,244.5158792,5
1499559379,244.38,244.5158792,5
1499559381,244.4,244.5794268,5
1499559384,244.4,244.579741,5
1499559385,244.4,244.5583922,5
1499559386,244.4,244.5583922,5
1499559387,244.4,244.5583922,5
1499559398,244.4,244.5583922,5
1499559399,244.4,244.5583922,5
1499559400,244.4,244.5583922,5
1499559401,244.36,244.579741,5
1499559402,244.39,244.572635,5
1499559404,244.39,244.5583922,5
1499559405,244.39,244.5583922,5
1499559407,244.39,244.5583922,5
1499559408,244.39,244.5583922,5
1499559409,244.39,244.5583922,5
1499559410,244.39,244.5583922,5
1499559411,244.39,244.5583922,5
1499559412,244.39,244.5583922,5
1499559413,244.39,244.5552827,5
1499559414,244.38,244.5552827,5
1499559415,244.38,244.5552827,5
1499559418,244.39,244.5761405,5
1499559419,244.39,244.5761405,5
1499559421,244.39,244.5830705,5
1499559429,244.39,244.5552827,5
1499559435,244.39,244.5830705,5
1499559436,244.39,244.5552827,5
1499559437,244.39,244.5691981,5
1499559438,244.39,244.5691981,5
1499559440,244.39,244.5552827,5
1499559442,244.39,244.5483219,5
1499559448,244.38,244.5413611,5
1499559449,244.39,244.5344003,5
1499559450,244.39,244.5274396,5
1499559451,244.39,244.5622435,5
1499559452,244.39,244.5552827,5
1499559453,244.38,244.5552827,5
1499559454,244.39,244.5483219,5
1499559456,244.37,244.5413611,5
1499559457,244.39,244.5344003,5
1499559459,244.39,244.5065511,5
1499559461,244.39,244.5065511,5
1499559462,244.39,244.5065511,5
1499559463,244.47,244.5159099,5
1499559464,244.39,244.5795066,5
1499559465,244.4,244.5874493,5
1499559466,244.41,244.5715578,5
1499559467,244.43,244.59,5
1499559468,244.45,244.789165,5
1499559469,244.48,244.7792141,5
1499559470,244.49,244.7792141,5
1499559471,244.51,244.7692632,5
1499559472,244.51,244.7792141,5
1499559473,244.52,244.7792141,5
1499559474,244.59,244.7692632,5
1499559475,244.59,244.7593123,5
1499559476,244.59,244.7593123,5
1499559477,244.59,244.6199754,5
1499559478,244.59,244.6199754,5
1499559479,244.59,244.6199754,5
1499559480,244.6,245,5
1499559481,244.61,245,5
1499559482,244.62,245,5
1499559485,244.89,245,5
1499559486,244.9,245,5
1499559487,244.9,245,5
1499559488,244.9,245,5
1499559489,244.9,245,5
1499559490,244.9,245,5
1499559491,244.9,245,5
1499559492,244.9,245,5
1499559493,244.91,245,5
1499559494,244.91,245,5
1499559495,244.91,245,5
1499559496,244.91,245,5
1499559497,244.91,245,5
1499559498,244.92,245,5
1499559499,244.92,245,5
1499559500,244.92,245,5
1499559501,244.92,245,5
1499559502,244.92,245,5
1499559503,244.93,245,5
1499559504,244.93,244.9967341,5
1499559505,244.93,244.9967341,5
1499559506,244.93,244.9967341,5
1499559507,244.93,244.9967341,5
1499559508,244.93,245,5
1499559509,244.94,245,5
1499559510,244.94,245,5
1499559511,244.94,245,5
1499559512,244.94,245,5
1499559513,244.94,244.9977139,5
1499559514,244.94,244.9975506,5
1499559515,244.94,244.9975506,5
1499559516,244.94,244.9975506,5
1499559517,244.94,244.9975506,5
1499559518,244.94,244.9975506,5
1499559519,244.94,244.9975506,5
1499559520,244.94,244.9975506,5
1499559521,244.94,244.9975506,5
1499559522,244.94,244.9975506,5
1499559523,244.94,244.9975506,5
1499559524,244.94,244.9975506,5
1499559525,244.94,244.9975506,5
1499559526,244.94,244.9975506,5
1499559527,244.94,244.9975506,5
1499559528,244.94,245,5
1499559529,244.95,245,5
1499559530,244.95,245,5
1499559531,244.95,245,5
1499559532,244.95,245,5
1499559533,244.96,245,5
1499559534,244.96,245,5
1499559535,244.96,245,5
1499559536,244.96,245,5
1499559537,244.96,244.9990203,5
1499559538,244.96,244.9990203,5
1499559539,244.96,244.9990203,5
1499559540,244.96,244.9990203,5
1499559541,244.96,244.9990203,5
1499559542,244.96,244.9990203,5
1499559543,244.96,244.9990203,5
1499559545,244.96,244.9980406,5
1499559546,244.96,244.9980406,5
1499559547,244.96,244.9980406,5
1499559548,244.96,244.9980406,5
1499559549,244.96,244.9980406,5
1499559550,244.96,244.9980406,5
1499559551,244.96,244.9972242,5
1499559552,244.96,244.997061,5
1499559553,244.96,244.997061,5
1499559554,244.97,245,5
1499559555,244.98,245,5
1499559556,244.98,245,5
1499559557,244.98,245,5
1499559558,244.98,245,5
1499559559,244.98,245,5
1499559560,244.97,245,5
1499559561,244.97,245,5
1499559562,244.97,245,5
1499559563,244.97,245,5
1499559564,244.97,244.9995102,5
1499559565,244.97,244.9995102,5
1499559566,244.97,244.9995102,5
1499559567,244.97,244.9995102,5
1499559568,244.97,244.9995102,5
1499559569,244.97,244.9995102,5
1499559570,244.97,245,5
1499559571,244.99,245,5
1499559572,244.99,245,5
1499559573,244.99,245,5
1499559574,244.99,245,5
1499559575,244.99,245,5
1499559576,244.99,245,5
1499559577,244.99,245,5
1499559578,244.99,245,5
1499559579,244.99,245,5
1499559580,244.99,245,5
1499559581,244.99,245,5
1499559582,244.99,245,5
1499559585,244.99,245,5
1499559586,244.99,245,5
1499559587,244.99,245,5
1499559588,244.99,245,5
1499559589,244.99,245,5
1499559590,244.99,245,5
1499559591,244.99,245,5
1499559592,244.99,245,5
1499559593,244.99,245,5
1499559595,244.99,245,5
1499559596,244.99,245,5
1499559597,244.99,245,5
1499559598,244.99,245,5
1499559599,244.99,245,5
1499559600,244.99,245,5
1499559601,244.99,245,5
1499559602,244.99,245,5
1499559603,244.99,245,5
1499559604,244.99,245,5
1499559605,244.99,245,5
1499559606,244.99,245,5
1499559607,244.99,245,5
1499559608,244.99,245,5
1499559609,244.99,245,5
1499559610,244.99,245,5
1499559611,244.99,245,5
1499559612,244.99,245,5
1499559613,244.99,245,5
1499559614,244.99,245,5
1499559615,244.99,245,5
1499559617,244.99,245,5
1499559618,244.99,245,5
1499559619,244.99,245,5
1499559620,244.99,245,5
1499559621,244.99,245,5
1499559623,244.99,245,5
1499559625,244.99,245,5
1499559626,244.99,245,5
1499559627,244.99,245,5
1499559629,244.99,245,5
1499559630,244.99,245,5
1499559631,244.99,245,5
1499559632,244.99,245,5
1499559639,244.99,245,5
1499559640,244.99,245,5
1499559642,244.99,245,5
1499559650,244.99,245,5
1499559652,244.99,245,5
1499559653,244.99,245,5
1499559656,244.99,245,5
1499559658,244.99,245,5
1499559660,244.99,245,5
1499559669,244.99,245,5
1499559670,244.99,245,5
1499559673,244.99,245,5
1499559682,244.99,245,5
1499559683,244.99,245,5
1499559685,244.99,245,5
1499559686,244.99,245,5
1499559690,244.99,245,5
1499559691,244.99,245,5
1499559692,244.99,245,5
1499559704,244.99,245,5
1499559708,244.99,245,5
1499559709,244.99,245,5
1499559710,244.99,245,5
1499559711,244.99,245,5
1499559712,244.99,245,5
1499559713,244.99,245,5
1499559714,244.99,245,5
1499559715,244.99,245,5
1499559717,244.99,245,5
1499559719,244.99,245,5
1499559721,244.99,245,5
1499559723,244.99,245,5
1499559724,244.99,245,5
1499559728,244.99,245,5
1499559730,244.99,245,5
1499559732,244.99,245,5
1499559736,244.99,245,5
1499559737,244.99,245,5
1499559738,244.99,245,5
1499559739,244.99,245,5
1499559740,244.99,245,5
1499559741,244.99,245,5
1499559742,244.99,245,5
1499559743,244.99,245,5
1499559744,244.99,245,5
1499559745,244.99,245,5
1499559746,244.99,245,5
1499559747,244.99,245,5
1499559748,244.99,245,5
1499559749,244.99,245,5
1499559750,244.99,245,5
1499559751,244.99,245,5
1499559752,244.99,245,5
1499559753,244.99,245,5
1499559754,244.99,245,5
1499559755,244.99,245,5
1499559756,244.99,245,5
1499559757,244.99,245,5
1499559758,244.99,245,5
1499559759,244.99,245,5
1499559760,244.99,245,5
1499559761,244.99,245,5
1499559762,244.99,245,5
1499559763,244.99,245,5
1499559764,244.99,245,5
1499559765,244.99,245,5
1499559766,244.99,245,5
1499559774,244.99,245,5
1499559775,244.99,245,5
1499559776,244.99,245,5
1499559777,244.99,245,5
1499559778,244.99,245,5
1499559782,244.99,245,5
1499559783,244.99,245,5
1499559785,244.99,245,5
1499559787,244.99,245,5
1499559790,244.99,245,5
1499559791,244.99,245,5
1499559792,244.99,245,5
1499559793,244.99,245,5
1499559794,244.99,245,5
1499559795,244.99,245,5
1499559796,244.99,245,5
1499559798,244.99,245,5
1499559799,244.99,245,5
1499559800,244.99,245,5
1499559801,244.99,245,5
1499559802,244.99,245,5
1499559803,244.99,245,5
1499559804,244.99,245,5
1499559806,244.99,245,5
1499559808,244.99,245,5
1499559810,244.99,245,5
1499559811,244.99,245,5
1499559814,244.99,245,5
1499559816,244.99,245,5
1499559818,244.99,245,5
1499559819,244.99,245,5
1499559820,244.99,245,5
1499559821,244.99,245,5
1499559822,244.99,245,5
1499559823,244.99,245,5
1499559828,244.99,245,5
1499559846,244.99,245,5
1499559851,244.99,245,5
1499559855,244.99,245,5
1499559856,244.99,245,5
1499559858,244.99,245,5
1499559860,244.99,245,5
1499559861,244.99,245,5
1499559862,244.99,245,5
1499559863,244.99,245,5
1499559864,244.99,245,5
1499559865,244.99,245,5
1499559866,244.99,245,5
1499559867,244.99,245,5
1499559868,244.99,245,5
1499559869,244.99,245,5
1499559870,244.99,245,5
1499559871,244.99,245,5
1499559872,244.99,245,5
1499559874,244.99,245,5
1499559875,244.99,245,5
1499559876,244.99,245,5
1499559877,244.99,245,5
1499559878,244.99,245,5
1499559879,244.99,245,5
1499559880,244.99,245,5
1499559881,244.99,245,5
1499559882,244.99,245,5
1499559883,244.99,245,5
1499559884,244.99,245,5
1499559885,244.99,245,5
1499559886,244.99,245,5
1499559887,244.99,245,5
1499559888,244.99,245,5
1499559889,244.99,245,5
1499559890,244.99,245,5
1499559891,244.99,245,5
1499559892,244.99,245,5
1499559893,244.99,245,5
1499559895,244.99,245,5
1499559896,244.99,245,5
1499559897,244.99,245,5
1499559898,244.99,245,5
1499559899,244.99,245,5
1499559900,244.99,245,5
1499559901,244.99,245,5
1499559902,244.99,245,5
1499559903,244.99,245,5
1499559904,244.99,245,5
1499559905,244.99,245,5
1499559906,244.99,245,5
1499559907,244.99,245,5
1499559908,244.99,245,5
1499559909,244.99,245,5
1499559910,244.99,245,5
1499559911,244.99,245,5
1499559912,244.99,245,5
1499559913,244.99,245,5
1499559914,244.99,245,5
1499559915,244.99,245,5
1499559916,244.99,245,5
1499559918,244.99,245,5
1499559919,244.99,245,5
1499559920,244.99,245,5
1499559921,244.99,245,5
1499559922,244.99,245,5
1499559923,244.99,245,5
1499559924,244.99,245,5
1499559925,244.99,245,5
1499559926,244.99,245,5
1499559927,244.99,245,5
1499559928,244.99,245,5
1499559929,244.99,245,5
1499559930,244.99,245,5
1499559931,244.99,245,5
1499559932,244.99,245,5
1499559933,244.99,245,5
1499559934,244.99,245,5
1499559935,244.99,245,5
1499559936,244.99,245,5
1499559937,244.99,245,5
1499559938,244.99,245,5
1499559939,244.99,245,5
1499559940,244.99,245,5
1499559941,244.99,245,5
1499559946,244.99,245,5
1499559947,244.99,245,5
1499559948,244.99,245,5
1499559949,244.99,245,5
1499559950,244.99,245,5
1499559951,244.99,245,5
1499559952,244.99,245,5
1499559953,244.99,245,5
1499559954,244.99,245,5
1499559955,244.99,245,5
1499559956,244.99,245,5
1499559957,244.99,245,5
1499559958,244.99,245,5
1499559959,244.99,245,5
1499559960,244.99,245,5
1499559961,244.99,245,5
1499559962,244.99,245,5
1499559963,244.99,245,5
1499559964,244.99,245,5
1499559965,244.99,245,5
1499559966,244.99,245,5
1499559967,244.99,245,5
1499559968,244.99,245,5
1499559969,244.99,245,5
1499559970,244.99,245,5
1499559972,244.99,245,5
1499559973,244.99,245,5
1499559974,244.99,245,5
1499559975,244.99,245,5
1499559976,244.99,245,5
1499559977,244.99,245,5
1499559978,244.99,245,5
1499559979,244.99,245,5
1499559980,244.99,245,5
1499559981,244.99,245,5
1499559982,244.99,245,5
1499559983,244.99,245,5
1499559984,244.99,245,5
1499559986,244.99,245,5
1499559987,244.99,245,5
1499559990,244.99,245,5
1499559991,244.99,245,5
1499559993,244.99,245,5
1499559994,244.99,245,5
1499559995,244.99,245,5
1499559996,244.99,245,5
1499559997,244.99,245,5
1499559998,244.99,245,5
1499559999,244.99,245,5
1499560000,244.99,245,5
1499560001,244.99,245,5
1499560002,244.99,245,5
1499560003,244.99,245,5
1499560004,244.99,245,5
1499560005,244.99,245,5
1499560006,244.99,245,5
1499560007,244.99,245,5
1499560008,244.99,245,5
1499560009,244.99,245,5
1499560010,244.99,245,5
1499560012,244.99,245,5
1499560013,244.99,245,5
1499560014,244.99,245,5
1499560015,244.99,245,5
1499560016,244.99,245,5
1499560017,244.99,245,5
1499560018,244.99,245,5
1499560019,244.99,245,5
1499560020,244.99,245,5
1499560021,244.99,245,5
1499560022,244.99,245,5
1499560023,244.99,245,5
1499560025,244.99,245,5
1499560026,244.99,245,5
1499560027,244.99,245,5
1499560028,244.99,245,5
1499560033,244.99,245,5
1499560034,244.99,245,5
1499560035,244.99,245,5
1499560036,244.99,245,5
1499560037,244.99,245,5
1499560039,244.99,245,5
1499560043,244.99,245,5
1499560045,244.99,245,5
1499560047,244.99,245,5
1499560049,244.99,245,5
1499560050,244.99,245,5
1499560051,244.99,245,5
1499560054,244.99,245,5
1499560056,244.99,245,5
1499560067,244.99,245,5
1499560068,244.99,245,5
1499560069,244.99,245,5
1499560070,244.99,245,5
1499560071,244.99,245,5
1499560072,244.99,245,5
1499560073,244.99,245,5
1499560074,244.99,245,5
1499560075,244.99,245,5
1499560076,244.99,245,5
1499560077,244.99,245,5
1499560078,244.99,245,5
1499560079,244.99,245,5
1499560080,244.99,245,5
1499560081,244.99,245,5
1499560082,244.99,245,5
1499560083,244.99,245,5
1499560084,244.99,245,5
1499560085,244.99,245,5
1499560086,244.99,245,5
1499560087,244.99,245,5
1499560088,244.99,245,5
1499560089,244.99,245,5
1499560090,244.99,245,5
1499560091,244.99,245,5
1499560092,244.99,245,5
1499560093,244.99,245,5
1499560094,244.99,245,5
1499560095,244.99,245,5
1499560097,244.99,245,5
1499560098,244.99,245,5
1499560099,244.99,245,5
1499560100,244.99,245,5
1499560102,244.99,245,5
1499560104,244.99,245,5
1499560105,244.99,245,5
1499560106,244.99,245,5
1499560107,244.99,245,5
1499560108,244.99,245,5
1499560109,244.99,245,5
1499560110,244.99,245,5
1499560111,244.99,245,5
1499560112,244.99,245,5
1499560113,244.99,245,5
1499560114,244.99,245,5
1499560115,244.99,245,5
1499560116,244.99,245,5
1499560117,244.99,245,5
1499560118,244.99,245,5
1499560119,244.99,245,5
1499560120,244.99,245,5
1499560121,244.99,245,5
1499560122,244.99,245,5
1499560123,244.99,245,5
1499560124,244.99,245,5
1499560125,244.99,245,5
1499560126,244.99,245,5
1499560127,244.99,245,5
1499560128,244.99,245,5
1499560129,244.99,245,5
1499560130,244.99,245,5
1499560131,244.99,245,5
1499560132,244.99,245,5
1499560133,244.99,245,5
1499560134,244.99,245,5
1499560135,244.99,245,5
1499560136,244.99,245,5
1499560137,244.99,245,5
1499560138,244.99,245,5
1499560139,244.99,245,5
1499560141,244.99,245,5
1499560142,244.99,245,5
1499560143,244.99,245,5
1499560144,244.99,245,5
1499560145,244.99,245,5
1499560146,244.99,245,5
1499560147,244.99,245,5
1499560148,244.99,245,5
1499560149,244.99,245,5
1499560150,244.99,245,5
1499560151,244.99,245,5
1499560152,244.99,245,5
1499560153,244.99,245,5
1499560154,244.99,245,5
1499560155,244.99,245,5
1499560156,244.99,245,5
1499560157,244.99,245,5
1499560158,244.99,245,5
1499560159,244.99,245,5
1499560160,244.99,245,5
1499560161,244.99,245,5
1499560162,244.99,245,5
1499560163,244.99,245,5
1499560164,244.99,245,5
1499560165,244.99,245,5
1499560166,244.99,245,5
1499560167,244.99,245,5
1499560168,244.99,245,5
1499560169,244.54,245,5
1499560170,244.9,245,5
1499560171,244.91,245,5
1499560172,244.91,245,5
1499560173,244.91,244.92,5
1499560174,244.91,244.92,5
1499560175,244.91,244.92,5
1499560176,244.91,244.92,5
1499560177,244.91,244.92,5
1499560178,244.91,244.92,5
1499560179,244.91,244.92,5
1499560180,244.91,244.92,5
1499560181,244.91,244.92,5
1499560182,244.91,244.92,5
1499560183,244.91,244.92,5
1499560184,244.91,244.92,5
1499560185,244.91,244.92,5
1499560186,244.91,244.92,5
1499560187,244.91,244.92,5
1499560188,244.91,244.92,5
1499560189,244.91,244.92,5
1499560190,244.91,244.92,5
1499560191,244.91,244.92,5
1499560192,244.91,244.92,5
1499560193,244.91,244.92,5
1499560194,244.91,244.92,5
1499560195,244.91,244.92,5
1499560196,244.91,244.92,5
1499560197,244.91,244.92,5
1499560198,244.91,244.92,5
1499560199,244.91,244.92,5
1499560200,244.91,244.92,5
1499560201,244.91,244.92,5
1499560202,244.91,244.92,5
1499560203,244.91,244.92,5
1499560204,244.91,244.92,5
1499560205,244.91,244.92,5
1499560206,244.91,244.92,5
1499560207,244.91,244.92,5
1499560208,244.82,244.91,5
1499560209,244.83,244.91,5
1499560210,244.83,244.91,5
1499560211,244.83,244.91,5
1499560212,244.83,245,5
1499560213,244.83,244.99,5
1499560214,244.83,244.98,5
1499560215,244.83,244.98,5
1499560216,244.84,244.98,5
1499560217,244.84,244.99,5
1499560218,244.84,244.99,5
1499560219,244.84,244.99,5
1499560220,244.84,244.99,5
1499560221,244.84,244.99,5
1499560222,244.85,244.99,5
1499560223,244.85,244.99,5
1499560224,244.85,244.99,5
1499560225,244.85,244.99,5
1499560226,244.85,244.99,5
1499560227,244.86,244.99,5
1499560228,244.86,244.99,5
1499560229,244.86,244.99,5
1499560230,244.86,244.99,5
1499560231,244.86,244.99,5
1499560232,244.86,245,5
1499560233,244.87,245,5
1499560234,244.87,244.99,5
1499560235,244.87,244.99,5
1499560236,244.87,244.99,5
1499560237,244.87,244.99,5
1499560238,244.87,244.99,5
1499560239,244.88,244.99,5
1499560240,244.88,244.99,5
1499560241,244.88,244.9897919,5
1499560242,244.88,244.8999939,5
1499560243,244.88,244.8999939,5
1499560244,244.88,244.8999939,5
1499560245,244.88,244.8999939,5
1499560246,244.88,244.8999939,5
1499560247,244.88,244.8999939,5
1499560248,244.88,244.8999939,5
1499560249,244.88,244.8999939,5
1499560250,244.88,244.8999939,5
1499560251,244.88,244.8999939,5
1499560252,244.88,244.8999878,5
1499560253,244.88,244.8999878,5
1499560254,244.88,244.8999878,5
1499560255,244.88,244.89,5
1499560256,244.88,244.89,5
1499560257,244.88,244.89,5
1499560258,244.88,244.89,5
1499560259,244.88,244.89,5
1499560260,244.88,244.89,5
1499560261,244.88,244.89,5
1499560262,244.88,244.89,5
1499560263,244.88,244.89,5
1499560275,244.88,244.89,5
1499560284,244.88,244.89,5
1499560286,244.88,244.89,5
1499560294,244.88,244.89,5
1499560295,244.88,244.89,5
1499560304,244.88,244.89,5
1499560305,244.88,244.89,5
1499560306,244.88,244.89,5
1499560307,244.88,244.89,5
1499560308,244.88,244.89,5
1499560309,244.88,244.89,5
1499560310,244.88,244.89,5
1499560311,244.88,244.89,5
1499560312,244.88,244.89,5
1499560313,244.88,244.89,5
1499560314,244.88,244.89,5
1499560315,244.88,244.89,5
1499560316,244.88,244.89,5
1499560317,244.88,244.89,5
1499560318,244.88,244.89,5
1499560319,244.88,244.89,5
1499560320,244.88,244.89,5
1499560321,244.88,244.89,5
1499560322,244.88,244.89,5
1499560323,244.88,244.89,5
1499560324,244.88,244.89,5
1499560325,244.88,244.89,5
1499560326,244.88,244.89,5
1499560327,244.88,244.89,5
1499560328,244.88,244.89,5
1499560329,244.88,244.89,5
1499560330,244.88,244.89,5
1499560331,244.88,244.89,5
1499560332,244.88,244.89,5
1499560333,244.88,244.89,5
1499560334,244.88,244.89,5
1499560335,244.88,244.89,5
1499560336,244.88,244.89,5
1499560337,244.88,244.89,5
1499560338,244.88,244.89,5
1499560339,244.88,244.89,5
1499560340,244.88,244.89,5
1499560341,244.88,244.89,5
1499560342,244.88,244.89,5
1499560343,244.88,244.89,5
1499560344,244.88,244.89,5
1499560345,244.88,244.89,5
1499560346,244.88,244.89,5
1499560348,244.88,244.89,5
1499560349,244.88,244.89,5
1499560350,244.88,244.89,5
1499560351,244.88,244.89,5
1499560352,244.88,244.89,5
1499560353,244.88,244.89,5
1499560354,244.88,244.89,5
1499560355,244.88,244.89,5
1499560356,244.88,244.89,5
1499560357,244.88,244.89,5
1499560358,244.88,244.89,5
1499560359,244.88,244.89,5
1499560360,244.88,244.89,5
1499560361,244.88,244.89,5
1499560362,244.88,244.89,5
1499560363,244.88,244.89,5
1499560364,244.88,244.89,5
1499560365,244.88,244.89,5
1499560366,244.88,244.89,5
1499560367,244.88,244.89,5
1499560368,244.88,244.89,5
1499560369,244.88,244.89,5
1499560370,244.88,244.89,5
1499560371,244.88,244.89,5
1499560372,244.88,244.89,5
1499560373,244.88,244.89,5
1499560374,244.88,244.89,5
1499560375,244.88,244.89,5
1499560376,244.88,244.89,5
1499560377,244.88,244.89,5
1499560378,244.88,244.89,5
1499560379,244.88,244.89,5
1499560380,244.88,244.89,5
1499560381,244.88,244.89,5
1499560382,244.88,244.89,5
1499560383,244.88,244.89,5
1499560384,244.88,244.89,5
1499560385,244.88,244.89,5
1499560386,244.88,244.89,5
1499560387,244.88,244.89,5
1499560388,244.88,244.89,5
1499560389,244.88,244.89,5
1499560390,244.88,244.89,5
1499560391,244.88,244.89,5
1499560392,244.88,244.89,5
1499560393,244.88,244.89,5
1499560394,244.88,244.89,5
1499560395,244.88,244.89,5
1499560396,244.88,244.89,5
1499560397,244.88,244.89,5
1499560398,244.88,244.89,5
1499560399,244.88,244.89,5
1499560400,244.88,244.89,5
1499560401,244.88,244.89,5
1499560402,244.88,244.89,5
1499560403,244.88,244.89,5
1499560404,244.88,244.89,5
1499560405,244.88,244.89,5
1499560406,244.88,244.89,5
1499560407,244.88,244.89,5
1499560408,244.88,244.89,5
1499560409,244.88,244.89,5
1499560410,244.88,244.89,5
1499560411,244.88,244.89,5
1499560412,244.88,244.89,5
1499560413,244.88,244.89,5
1499560414,244.88,244.89,5
1499560415,244.88,244.89,5
1499560416,244.88,244.89,5
1499560417,244.88,244.89,5
1499560418,244.88,244.89,5
1499560419,244.88,244.89,5
1499560420,244.88,244.89,5
1499560421,244.88,244.89,5
1499560422,244.88,244.89,5
1499560423,244.88,244.89,5
1499560424,244.88,244.89,5
1499560425,244.88,244.89,5
1499560426,244.88,244.89,5
1499560427,244.88,244.89,5
1499560428,244.88,244.89,5
1499560429,244.88,244.89,5
1499560430,244.88,244.89,5
1499560431,244.88,244.89,5
1499560432,244.88,244.89,5
1499560433,244.88,244.89,5
1499560434,244.88,244.89,5
1499560435,244.88,244.89,5
1499560436,244.88,244.89,5
1499560437,244.88,244.89,5
1499560438,244.88,244.89,5
1499560439,244.88,244.89,5
1499560440,244.88,244.89,5
1499560441,244.88,244.89,5
1499560442,244.88,244.89,5
1499560443,244.88,244.89,5
1499560444,244.88,244.89,5
1499560445,244.88,244.89,5
1499560446,244.88,244.89,5
1499560447,244.88,244.89,5
1499560448,244.88,244.89,5
1499560449,244.88,244.89,5
1499560450,244.88,244.89,5
1499560452,244.88,244.89,5
1499560453,244.88,244.89,5
1499560454,244.88,244.89,5
1499560455,244.88,244.89,5
1499560456,244.88,244.89,5
1499560457,244.88,244.89,5
1499560458,244.88,244.89,5
1499560459,244.88,244.89,5
1499560460,244.88,244.89,5
1499560461,244.88,244.89,5
1499560462,244.88,244.89,5
1499560463,244.88,244.89,5
1499560464,244.88,244.89,5
1499560465,244.88,244.89,5
1499560466,244.88,244.89,5
1499560467,244.88,244.89,5
1499560468,244.88,244.89,5
1499560469,244.88,244.89,5
1499560470,244.88,244.89,5
1499560471,244.88,244.89,5
1499560472,244.88,244.89,5
1499560473,244.88,244.89,5
1499560474,244.88,244.89,5
1499560475,244.88,244.89,5
1499560476,244.88,244.89,5
1499560477,244.88,244.89,5
1499560478,244.88,244.89,5
1499560479,244.88,244.89,5
1499560480,244.88,244.89,5
1499560481,244.88,244.89,5
1499560482,244.88,244.89,5
1499560483,244.88,244.89,5
1499560484,244.88,244.89,5
1499560485,244.88,244.89,5
1499560487,244.88,244.89,5
1499560488,244.88,244.89,5
1499560489,244.88,244.89,5
1499560490,244.88,244.89,5
1499560491,244.88,244.89,5
1499560492,244.88,244.89,5
1499560493,244.88,244.89,5
1499560494,244.88,244.89,5
1499560495,244.88,244.89,5
1499560496,244.88,244.89,5
1499560497,244.88,244.89,5
1499560498,244.88,244.89,5
1499560499,244.88,244.89,5
1499560500,244.88,244.89,5
1499560501,244.88,244.89,5
1499560502,244.88,244.89,5
1499560503,244.88,244.89,5
1499560504,244.88,244.89,5
1499560505,244.88,244.89,5
1499560506,244.88,244.89,5
1499560507,244.88,244.89,5
1499560508,244.88,244.89,5
1499560509,244.88,244.89,5
1499560510,244.88,244.89,5
1499560511,244.88,244.89,5
1499560512,244.88,244.89,5
1499560513,244.88,244.89,5
1499560514,244.88,244.89,5
1499560515,244.88,244.89,5
1499560516,244.88,244.89,5
1499560517,244.88,244.89,5
1499560518,244.88,244.89,5
1499560519,244.88,244.89,5
1499560520,244.88,244.89,5
1499560521,244.88,244.89,5
1499560522,244.88,244.89,5
1499560523,244.88,244.89,5
1499560524,244.88,244.89,5
1499560525,244.88,244.89,5
1499560526,244.88,244.89,5
1499560527,244.88,244.89,5
1499560528,244.88,244.89,5
1499560529,244.88,244.89,5
1499560530,244.88,244.89,5
1499560531,244.88,244.89,5
1499560532,244.88,244.89,5
1499560533,244.88,244.89,5
1499560534,244.88,244.89,5
1499560535,244.88,244.89,5
1499560536,244.88,244.89,5
1499560537,244.88,244.89,5
1499560538,244.88,244.89,5
1499560539,244.88,244.89,5
1499560540,244.88,244.89,5
1499560541,244.88,244.89,5
1499560542,244.88,244.89,5
1499560543,244.88,244.89,5
1499560544,244.88,244.89,5
1499560545,244.88,244.89,5
1499560546,244.88,244.89,5
1499560547,244.88,244.89,5
1499560548,244.88,244.89,5
1499560549,244.88,244.89,5
1499560550,244.88,244.89,5
1499560551,244.88,244.89,5
1499560552,244.88,244.89,5
1499560553,244.88,244.89,5
1499560554,244.88,244.89,5
1499560555,244.88,244.89,5
1499560556,244.88,244.89,5
1499560557,244.88,244.89,5
1499560558,244.88,244.89,5
1499560559,244.88,244.89,5
1499560560,244.88,244.89,5
1499560561,244.88,244.89,5
1499560562,244.42,244.6,5
1499560563,244.57,244.6,5
1499560564,244.58,244.6,5
1499560565,244.58,244.6,5
1499560566,244.58,244.6,5
1499560567,244.58,244.6,5
1499560568,244.58,244.6,5
1499560569,244.58,244.59,5
1499560570,244.58,244.59,5
1499560571,244.58,244.6,5
1499560572,244.58,244.59,5
1499560573,244.58,244.59,5
1499560574,244.58,244.59,5
1499560575,244.58,244.6,5
1499560576,244.58,244.6,5
1499560577,244.58,244.6,5
1499560578,244.3881637,244.6,5
1499560579,244.3881637,244.6,5
1499560580,244.42,244.6,5
1499560581,244.44,244.6,5
1499560582,244.46,244.6,5
1499560583,244.47,244.6,5
1499560584,244.47,244.6,5
1499560585,244.47,244.6,5
1499560586,244.47,244.59,5
1499560587,244.47,244.58,5
1499560588,244.47,244.57,5
1499560589,244.47,244.57,5
1499560590,244.47,244.55,5
1499560591,244.47,244.55,5
1499560592,244.47,244.55,5
1499560593,244.47,244.55,5
1499560594,244.47,244.59,5
1499560595,244.47,244.58,5
1499560596,244.47,244.57,5
1499560597,244.47,244.56,5
1499560598,244.47,244.55,5
1499560599,244.47,244.55,5
1499560600,244.47,244.55,5
1499560601,244.47,244.54,5
1499560602,244.47,244.54,5
1499560603,244.47,244.53,5
1499560604,244.47,244.53,5
1499560605,244.47,244.53,5
1499560606,244.47,244.53,5
1499560607,244.47,244.52,5
1499560608,244.3881637,244.52,5
1499560609,244.42,244.51,5
1499560610,244.44,244.51,5
1499560611,244.45,244.52,5
1499560612,244.47,244.52,5
1499560613,244.47,244.5,5
1499560614,244.47,244.5,5
1499560615,244.47,244.5,5
1499560616,244.47,244.4999754,5
1499560617,244.47,244.4999754,5
1499560618,244.47,244.4999754,5
1499560619,244.48,244.5896514,5
1499560620,244.49,244.5896514,5
1499560621,244.49,244.5896514,5
1499560622,244.49,244.5896514,5
1499560623,244.49,244.5896514,5
1499560624,244.3881637,244.5896514,5
1499560625,244.42,244.5893321,5
1499560626,244.3822455,244.5893321,5
1499560627,244.42,244.5852473,5
1499560628,244.3822455,244.5811624,5
1499560629,244.42,244.5893321,5
1499560630,244.3940818,244.5852473,5
1499560631,244.41,244.5852473,5
1499560632,244.42,244.5852473,5
1499560633,244.42,244.5852473,5
1499560634,244.42,244.5811624,5
1499560635,244.3822455,244.5811624,5
1499560636,244.42,244.5770775,5
1499560637,244.3822455,244.5729927,5
1499560638,244.42,244.5729927,5
1499560639,244.42,244.5729927,5
1499560640,244.3822455,244.5729927,5
1499560641,244.42,244.5729927,5
1499560642,244.42,244.5811624,5
1499560643,244.42,244.5729927,5
1499560644,244.3822455,244.5682631,5
1499560645,244.42,244.564209,5
1499560646,244.3822455,244.6291404,5
1499560647,244.42,244.608209,5
1499560648,244.3822455,244.608209,5
1499560649,244.3822455,244.608209,5
1499560650,244.42,244.608209,5
1499560653,244.3822455,244.608209,5
1499560654,244.3822455,244.608209,5
1499560655,244.42,244.6162631,5
1499560656,244.42,244.608209,5
1499560657,244.3822455,244.6001548,5
1499560658,244.3940818,244.5995715,5
1499560659,244.3940818,244.5995715,5
1499560660,244.4,244.5995715,5
1499560661,244.4,244.591548,5
1499560662,244.4,244.5755011,5
1499560663,244.3847159,244.5888211,5
1499560664,244.3885369,244.5788948,5
1499560665,244.3885369,244.5689685,5
1499560666,244.396179,244.5491158,5
1499560667,244.3940818,244.5491158,5
1499560668,244.4,244.5491158,5
1499560669,244.4,244.5491158,5
1499560670,244.4,244.5193369,5
1499560671,244.4,244.5094106,5
1499560672,244.4,244.4895579,5
1499560673,244.4,244.4895579,5
1499560674,244.4,244.4796316,5
1499560675,244.4,244.4796316,5
1499560676,244.4,244.4796316,5
1499560677,244.4,244.4796316,5
1499560678,244.4,244.4796316,5
1499560679,244.4,244.4796316,5
1499560680,244.4,244.4796316,5
1499560681,244.4,244.4796316,5
1499560682,244.4,244.4796316,5
1499560683,244.4,244.4796316,5
1499560684,244.4,244.4796316,5
1499560687,244.4,244.4796316,5
1499560693,244.4,244.4796316,5
1499560694,244.4,244.4796316,5
1499560695,244.4,244.4796316,5
1499560696,244.4,244.4796316,5
1499560697,244.4,244.4796316,5
1499560698,244.4,244.4796316,5
1499560699,244.4,244.4796316,5
1499560700,244.4,244.4796316,5
1499560701,244.4,244.4796316,5
1499560702,244.4,244.4796316,5
1499560703,244.4,244.4796316,5
1499560704,244.4,244.4796316,5
1499560705,244.4,244.4796316,5
1499560706,244.4,244.4697053,5
1499560707,244.4,244.4697053,5
1499560708,244.4,244.459779,5
1499560709,244.4,244.459779,5
1499560710,244.4,244.4399202,5
1499560711,244.4,244.4299816,5
1499560712,244.37,244.4299816,5
1499560713,244.39,244.4299816,5
1499560714,244.37,244.6880843,5
1499560715,244.39,244.678158,5
1499560716,244.36,244.6583054,5
1499560717,244.37,244.648379,5
1499560718,244.39,244.6285264,5
1499560719,244.39,244.6186001,5
1499560720,244.39,244.6086738,5
1499560721,244.39,244.5987474,5
1499560722,244.39,244.5987474,5
1499560723,244.39,244.5888211,5
1499560724,244.39,244.5788948,5
1499560725,244.39,244.5689685,5
1499560726,244.39,244.5590422,5
1499560727,244.39,244.5491158,5
1499560728,244.39,244.5391895,5
1499560729,244.39,244.5193369,5
1499560730,244.39,244.5193369,5
1499560731,244.39,244.4994842,5
1499560732,244.39,244.4994842,5
1499560733,244.39,244.4796316,5
1499560734,244.39,244.4796316,5
1499560735,244.39,244.4697053,5
1499560736,244.39,244.4697053,5
1499560737,244.39,244.459779,5
1499560738,244.39,244.459779,5
1499560739,244.39,244.4399202,5
1499560740,244.39,244.4399202,5
1499560741,244.39,244.6880843,5
1499560742,244.39,244.678158,5
1499560743,244.39,244.678158,5
1499560744,244.39,244.6682317,5
1499560745,244.39,244.6583054,5
1499560746,244.39,244.648379,5
1499560747,244.39,244.6384527,5
1499560748,244.39,244.6186001,5
1499560749,244.39,244.6186001,5
1499560750,244.39,244.6086738,5
1499560751,244.39,244.5987474,5
1499560752,244.39,244.5888211,5
1499560753,244.39,244.5788948,5
1499560754,244.39,244.5689685,5
1499560755,244.39,244.5590422,5
1499560756,244.37,244.5391895,5
1499560757,244.37,244.5391895,5
1499560758,244.37,244.5292632,5
1499560759,244.36,244.5292632,5
1499560760,244.36,244.5193369,5
1499560761,244.37,244.5193369,5
1499560762,244.37,244.5193369,5
1499560763,244.37,244.5094106,5
1499560764,244.37,244.5094106,5
1499560765,244.37,244.4895579,5
1499560766,244.37,244.4895579,5
1499560767,244.37,244.4796316,5
1499560768,244.37,244.4796316,5
1499560769,244.37,244.4697053,5
1499560770,244.37,244.459779,5
1499560771,244.37,244.4399202,5
1499560772,244.37,244.4399202,5
1499560773,244.37,244.4299816,5
1499560774,244.37,244.4299816,5
1499560775,244.37,244.5888211,5
1499560776,244.37,244.5788948,5
1499560777,244.37,244.5689685,5
1499560778,244.37,244.5590422,5
1499560779,244.37,244.5491158,5
1499560780,244.37,244.5391895,5
1499560781,244.36,244.529165,5
1499560782,244.36,244.5189378,5
1499560783,244.36,244.5189378,5
1499560784,244.36,244.4991465,5
1499560785,244.36,244.4991465,5
1499560786,244.36,244.4892509,5
1499560787,244.36,244.4793553,5
1499560788,244.36,244.4595641,5
1499560789,244.36,244.4496684,5
1499560790,244.36,244.4397667,5
1499560791,244.36,244.4298588,5
1499560792,244.36,244.4099386,5
1499560793,244.36,244.4099386,5
1499560794,244.36,244.5882071,5
1499560795,244.36,244.5783115,5
1499560796,244.36,244.5585203,5
1499560797,244.36,244.5585203,5
1499560798,244.36,244.5486246,5
1499560799,244.36,244.5486246,5
1499560800,244.36,244.538729,5
1499560801,244.36,244.538729,5
1499560802,244.36,244.5288334,5
1499560803,244.36,244.5288334,5
1499560804,244.36,244.5185387,5
1499560805,244.36,244.5086738,5
1499560806,244.36,244.5086738,5
1499560807,244.36,244.5086738,5
1499560808,244.36,244.5086738,5
1499560809,244.36,244.5086738,5
1499560810,244.36,244.5086738,5
1499560811,244.36,244.4988088,5
1499560812,244.36,244.4988088,5
1499560813,244.36,244.4889439,5
1499560814,244.36,244.4889439,5
1499560815,244.36,244.4889439,5
1499560824,244.36,244.4889439,5
1499560825,244.36,244.4889439,5
1499560826,244.36,244.4889439,5
1499560827,244.36,244.479079,5
1499560828,244.36,244.4692141,5
1499560830,244.36,244.4692141,5
1499560831,244.36,244.4692141,5
1499560832,244.45,244.47,5
1499560833,244.45,244.47,5
1499560834,244.45,244.47,5
1499560835,244.45,244.47,5
1499560836,244.45,244.5,5
1499560837,244.46,244.49,5
1499560838,244.46,244.48,5
1499560839,244.46,244.48,5
1499560840,244.46,244.47,5
1499560841,244.46,244.47,5
1499560842,244.46,244.47,5
1499560843,244.46,244.47,5
1499560844,244.46,244.5,5
1499560845,244.47,244.48,5
1499560846,244.47,244.49,5
1499560847,244.48,244.59,5
1499560848,244.55,244.58,5
1499560849,244.55,244.56,5
1499560850,244.55,244.56,5
1499560851,244.55,244.56,5
1499560852,244.55,244.56,5
1499560853,244.55,244.56,5
1499560854,244.55,244.56,5
1499560855,244.55,244.56,5
1499560856,244.55,244.56,5
1499560857,244.55,244.56,5
1499560858,244.55,244.56,5
1499560859,244.55,244.56,5
1499560860,244.55,244.56,5
1499560861,244.55,244.56,5
1499560862,244.55,244.56,5
1499560863,244.55,244.56,5
1499560864,244.55,244.56,5
1499560865,244.55,244.56,5
1499560866,244.55,244.56,5
1499560867,244.55,244.56,5
1499560868,244.55,244.56,5
1499560869,244.55,244.56,5
1499560870,244.55,244.56,5
1499560871,244.55,244.56,5
1499560872,244.55,244.56,5
1499560873,244.55,244.56,5
1499560874,244.55,244.56,5
1499560875,244.55,244.56,5
1499560876,244.55,244.5899816,5
1499560877,244.55,244.5799939,5
1499560878,244.55,244.5799939,5
1499560879,244.55,244.5799939,5
1499560880,244.55,244.5799939,5
1499560881,244.55,244.5799939,5
1499560882,244.55,244.5799939,5
1499560883,244.55,244.5799939,5
1499560884,244.55,244.5799939,5
1499560885,244.55,244.5799754,5
1499560886,244.55,244.5799754,5
1499560887,244.55,244.5799754,5
1499560889,244.55,244.5799754,5
1499560890,244.55,244.5799754,5
1499560891,244.55,244.5699939,5
1499560892,244.55,244.5699939,5
1499560893,244.55,244.5699939,5
1499560894,244.55,244.5699939,5
1499560895,244.55,244.5699939,5
1499560896,244.55,244.5699939,5
1499560897,244.55,244.5699939,5
1499560898,244.55,244.5699939,5
1499560899,244.55,244.5699939,5
1499560900,244.55,244.5699939,5
1499560901,244.55,244.5899447,5
1499560902,244.55,244.5799754,5
1499560903,244.55,244.5799754,5
1499560904,244.5581244,244.58,5
1499560907,244.5581244,244.7793,5
1499560908,244.57,244.7693369,5
1499560909,244.57,244.7693369,5
1499560910,244.57,244.7693369,5
1499560911,244.57,244.7593737,5
1499560912,244.57,244.7593737,5
1499560913,244.57,244.7593737,5
1499560914,244.57,244.7593737,5
1499560915,244.57,244.5899877,5
1499560916,244.57,244.5899877,5
1499560917,244.57,244.5899877,5
1499560918,244.57,244.5899877,5
1499560919,244.57,244.5899877,5
1499560920,244.57,244.5899877,5
1499560921,244.57,244.5899877,5
1499560922,244.57,244.5899877,5
1499560923,244.57,244.5899877,5
1499560924,244.57,244.5899877,5
1499560925,244.57,244.5899877,5
1499560926,244.57,244.7494106,5
1499560927,244.58,244.75,5
1499560928,244.58,244.75,5
1499560929,244.58,244.79,5
1499560930,244.58,244.86,5
1499560931,244.59,244.86,5
1499560932,244.59,244.85,5
1499560933,244.59,244.85,5
1499560934,244.59,244.85,5
1499560935,244.59,244.85,5
1499560936,244.59,244.85,5
1499560937,244.6,244.85,5
1499560938,244.6,244.85,5
1499560939,244.6,244.86,5
1499560940,244.6,244.86,5
1499560941,244.6,244.86,5
1499560942,244.61,244.86,5
1499560943,244.61,244.86,5
1499560944,244.76,244.85,5
1499560945,244.76,244.85,5
1499560946,244.76,244.85,5
1499560947,244.76,244.85,5
1499560948,244.77,244.85,5
1499560949,244.77,244.85,5
1499560950,244.77,244.8498436,5
1499560951,244.77,244.839875,5
1499560952,244.77,244.839875,5
1499560953,244.76,244.839875,5
1499560954,244.76,244.8299065,5
1499560955,244.76,244.8199379,5
1499560956,244.76,244.8299065,5
1499560957,244.76,244.8897177,5
1499560958,244.76,244.8897177,5
1499560960,244.76,244.8897177,5
1499560961,244.76,244.8897177,5
1499560962,244.76,244.8897177,5
1499560963,244.76,244.8897177,5
1499560965,244.76,244.8897177,5
1499560966,244.77,244.8897177,5
1499560970,244.77,244.8797492,5
1499560971,244.77,244.8996251,5
1499560972,244.77,244.8897177,5
1499560973,244.77,244.8996251,5
1499560974,244.77,244.8996251,5
1499560975,244.77,244.8797492,5
1499560976,244.77,244.8099629,5
1499560977,244.77,244.8099629,5
1499560978,244.77,244.8099629,5
1499560979,244.77,244.8099629,5
1499560980,244.77,244.8099629,5
1499560981,244.77,244.9095202,5
1499560982,244.77,244.9095202,5
1499560983,244.77,244.8895129,5
1499560984,244.77,244.9091112,5
1499560985,244.77,244.8992475,5
1499560986,244.77,244.8794346,5
1499560987,244.77,244.8992475,5
1499560988,244.77,244.8992475,5
1499560989,244.77,244.9091112,5
1499560990,244.77,244.8694975,5
1499560991,244.77,244.8694975,5
1499560992,244.77,244.8694975,5
1499560995,244.77,244.8694975,5
1499560997,244.7707795,244.8698357,5
1499560998,244.78,244.8698357,5
1499560999,244.78,244.8996985,5
1499561001,244.78,244.8798104,5
1499561002,244.78,244.8099813,5
1499561003,244.78,244.8099813,5
1499561004,244.78,244.8099813,5
1499561005,244.78,244.8795272,5
1499561006,244.78,244.8794088,5
1499561007,244.78,244.8992077,5
1499561008,244.78,244.8694788,5
1499561009,244.78,244.8694788,5
1499561010,244.78,244.8694788,5
1499561011,244.78,244.8694788,5
1499561012,244.78,244.8694788,5
1499561013,244.78,244.8694788,5
1499561014,244.78,244.8694788,5
1499561015,244.78,244.8694788,5
1499561016,244.78,244.8694788,5
1499561017,244.78,244.8694788,5
1499561018,244.78,244.8694788,5
1499561019,244.78,244.8893388,5
1499561020,244.78,244.8595487,5
1499561021,244.78,244.8595487,5
1499561030,244.78,244.8594692,5
1499561031,244.78,244.8892226,5
1499561032,244.78,244.8990792,5
1499561035,244.761559,244.8793048,5
1499561036,244.78,244.9089235,5
1499561037,244.78,244.8892226,5
1499561038,244.78,244.8892226,5
1499561039,244.78,244.8892226,5
1499561040,244.78,244.8892226,5
1499561041,244.78,244.8892226,5
1499561042,244.78,244.8892226,5
1499561043,244.78,244.8892226,5
1499561048,244.78,244.8892226,5
1499561049,244.78,244.8892226,5
1499561050,244.78,244.8892226,5
1499561051,244.78,244.8793048,5
1499561052,244.78,244.8098737,5
1499561053,244.78,244.8098737,5
1499561057,244.78,244.8098737,5
1499561059,244.78,244.8098737,5
1499561060,244.78,244.8793048,5
1499561061,244.78,244.8793048,5
1499561062,244.78,244.8892226,5
1499561063,244.78,244.889792,5
1499561064,244.7811686,244.889792,5
1499561065,244.7811686,244.889792,5
1499561066,244.7811686,244.8798172,5
1499561067,244.79,244.889792,5
1499561068,244.79,244.8798172,5
1499561069,244.79,244.8798172,5
1499561070,244.79,244.8798172,5
1499561071,244.79,244.8798172,5
1499561076,244.79,244.8798172,5
1499561077,244.79,244.8798172,5
1499561078,244.79,244.8997055,5
1499561079,244.79,244.8798172,5
1499561080,244.79,244.8798172,5
1499561081,244.79,244.8798172,5
1499561082,244.79,244.8798172,5
1499561083,244.79,244.8798172,5
1499561084,244.79,244.8798172,5
1499561085,244.79,244.8798172,5
1499561086,244.79,244.8798172,5
1499561087,244.79,244.8798172,5
1499561088,244.79,244.8798172,5
1499561089,244.79,244.8796336,5
1499561090,244.79,244.8796336,5
1499561091,244.79,244.8696895,5
1499561092,244.79,244.8696895,5
1499561093,244.79,244.8099815,5
1499561094,244.79,244.8099815,5
1499561095,244.79,244.8099815,5
1499561096,244.79,244.81,5
1499561097,244.79,244.81,5
1499561098,244.79,244.8698943,5
1499561099,244.79,244.8997586,5
1499561100,244.8,244.8898446,5
1499561101,244.8,244.8898446,5
1499561102,243.12,244.81,5
1499561103,243.17,244.81,5
1499561104,243.17,244.8,5
1499561105,243.19,244.79,5
1499561106,243.19,244.78,5
1499561107,243.21,244.59,5
1499561108,243.48,244.59,5
1499561109,243.48,244.58,5
1499561110,243.49,244.56,5
1499561111,243.5,244.56,5
1499561112,243.52,244.54,5
1499561113,243.54,244.54,5
1499561114,243.55,244.53,5
1499561115,243.57,244.52,5
1499561116,243.58,244.51,5
1499561117,243.6,244.5,5
1499561118,243.64,244.49,5
1499561119,243.64,244.49,5
1499561120,243.66,244.47,5
1499561121,243.68,244.46,5
1499561122,243.72,244.46,5
1499561123,243.988,244.46,5
1499561124,244.07,244.46,5
1499561125,244.09,244.46,5
1499561126,244.11,244.46,5
1499561127,244.11,244.46,5
1499561128,244.13,244.45,5
1499561129,244.032,244.45,5
1499561130,244.032,244.4393553,5
1499561131,244.06,244.42,5
1499561132,244.06,244.42,5
1499561133,244.06,244.41,5
1499561134,244.06,244.4,5
1499561135,244.06,244.4,5
1499561136,244.038,244.42,5
1499561137,244.038,244.42,5
1499561138,244.06,244.42,5
1499561139,244.07,244.42,5
1499561140,244.07,244.42,5
1499561141,244.07,244.41,5
1499561142,244.09,244.41,5
1499561143,244.11,244.42,5
1499561144,244.15,244.42,5
1499561145,244.226,244.4227859,5
1499561146,244.226,244.4227859,5
1499561147,244.25,244.4227859,5
1499561148,244.25,244.4227859,5
1499561149,244.25,244.43,5
1499561150,244.25,244.42,5
1499561151,244.25,244.42,5
1499561152,244.25,244.4,5
1499561153,244.25,244.4,5
1499561154,244.25,244.39,5
1499561155,244.25,244.38,5
1499561156,244.25,244.37,5
1499561157,244.25,244.36,5
1499561158,244.25,244.34,5
1499561159,244.25,244.34,5
1499561160,244.25,244.33,5
1499561161,244.25,244.32,5
1499561162,244.25,244.31,5
1499561163,244.25,244.31,5
1499561164,244.25,244.32,5
1499561165,244.25,244.32,5
1499561166,244.25,244.32,5
1499561167,244.25,244.32,5
1499561168,243.89,244.32,5
1499561169,243.93,244.32,5
1499561170,244.196,244.31,5
1499561171,244.27,244.31,5
1499561172,244.27,244.3,5
1499561173,244.27,244.29,5
1499561174,244.27,244.29,5
1499561175,244.27,244.28,5
1499561176,244.27,244.28,5
1499561177,244.27,244.28,5
1499561180,244.27,244.28,5
1499561181,244.27,244.28,5
1499561186,244.27,244.28,5
1499561188,244.27,244.28,5
1499561189,244.27,244.28,5
1499561190,244.03,244.27,5
1499561191,244.26,244.27,5
1499561192,244.26,244.27,5
1499561193,244.26,244.27,5
1499561194,244.26,244.27,5
1499561195,244.212,244.27,5
1499561201,244.212,244.27,5
1499561204,244.212,244.27,5
1499561208,244.212,244.27,5
1499561212,244.08,244.27,5
1499561213,244.25,244.27,5
1499561214,244.25,244.27,5
1499561215,244.25,244.27,5
1499561216,244.25,244.27,5
1499561217,244.25,244.26,5
1499561218,244.25,244.26,5
1499561219,244.25,244.26,5
1499561220,244.25,244.26,5
1499561221,244.25,244.26,5
1499561222,244.25,244.26,5
1499561223,244.25,244.26,5
1499561224,244.25,244.26,5
1499561225,244.25,244.26,5
1499561226,244.25,244.26,5
1499561227,244.25,244.26,5
1499561228,244.25,244.26,5
1499561229,244.24,244.26,5
1499561230,244.24,244.26,5
1499561231,244.172,244.26,5
1499561232,244.172,244.26,5
1499561234,243.92,244.26,5
1499561235,244.168,244.26,5
1499561236,244.172,244.26,5
1499561237,244.172,244.26,5
1499561238,244.24,244.26,5
1499561240,244.24,244.3,5
1499561241,244.24,244.3,5
1499561246,244.24,244.29,5
1499561247,244.24,244.28,5
1499561248,244.24,244.26,5
1499561249,244.24,244.26,5
1499561250,244.24,244.25,5
1499561251,244.24,244.25,5
1499561252,244.24,244.25,5
1499561253,244.24,244.25,5
1499561254,244.24,244.25,5
1499561255,244.24,244.25,5
1499561256,244.24,244.25,5
1499561258,244.24,244.25,5
1499561259,244.24,244.25,5
1499561260,244.24,244.25,5
1499561261,244.24,244.25,5
1499561262,244.24,244.25,5
1499561264,244.24,244.25,5
1499561265,244.122,244.25,5
1499561266,244.122,244.25,5
1499561267,244.122,244.25,5
1499561268,244.122,244.25,5
1499561275,244.122,244.25,5
1499561277,243.75,244.25,5
1499561278,243.79,244.25,5
1499561280,243.81,244.25,5
1499561281,244.02,244.25,5
1499561282,244.02,244.25,5
1499561283,244.04,244.25,5
1499561284,244.06,244.27,5
1499561285,244.08,244.27,5
1499561286,244.1,244.27,5
1499561287,244.12,244.27,5
1499561288,244.14,244.27,5
1499561289,244.16,244.26,5
1499561290,244.17,244.25,5
1499561291,244.17,244.25,5
1499561292,244.17,244.25,5
1499561293,244.17,244.25,5
1499561294,244.17,244.24,5
1499561295,244.17,244.23,5
1499561297,244.17,244.22,5
1499561298,244.17,244.22,5
1499561299,244.17,244.2,5
1499561300,244.17,244.2,5
1499561301,243.968,244.19,5
1499561302,243.86,244.19,5
1499561304,243.88,244.19,5
1499561305,244.01,244.19,5
1499561306,244.01,244.18,5
1499561307,244.01,244.17,5
1499561308,244.01,244.16,5
1499561309,244.01,244.15,5
1499561310,244.01,244.15,5
1499561311,244.01,244.15,5
1499561312,244.01,244.15,5
1499561313,244.01,244.15,5
1499561314,244.01,244.14,5
1499561315,244.01,244.14,5
1499561316,244.01,244.13,5
1499561317,244.01,244.13,5
1499561318,244.01,244.12,5
1499561319,244.01,244.12,5
1499561320,244.01,244.1,5
1499561321,244.01,244.1,5
1499561322,244.01,244.09,5
1499561323,244.01,244.08,5
1499561324,244.01,244.07,5
1499561325,244.01,244.06,5
1499561326,244.01,244.04,5
1499561327,244.01,244.03,5
1499561328,244.01,244.02,5
1499561329,244.01,244.03,5
1499561330,244.01,244.03,5
1499561331,244.01,244.03,5
1499561332,244.01,244.03,5
1499561333,244.01,244.03,5
1499561334,244.03,244.21,5
1499561335,244.04,244.21,5
1499561336,244.04,244.2,5
1499561337,244.04,244.2,5
1499561338,244.04,244.2,5
1499561339,244.04,244.2,5
1499561340,244.04,244.2,5
1499561341,244.03,244.2,5
1499561342,244.04,244.39,5
1499561343,244.04,244.39,5
1499561344,244.04,244.39,5
1499561345,244.03,244.39,5
1499561346,244.03,244.39,5
1499561347,244.04,244.47,5
1499561348,244.04,244.47,5
1499561349,244.03,244.48,5
1499561350,244.03,244.48,5
1499561351,244.03,244.48,5
1499561352,244.03,244.37,5
1499561353,244.04,244.37,5
1499561354,244.04,244.37,5
1499561355,244.04,244.36,5
1499561356,244.04,244.36,5
1499561357,244.19,244.37,5
1499561358,244.19,244.37,5
1499561359,244.19,244.37,5
1499561360,244.19,244.37,5
1499561361,244.29,244.37,5
1499561362,244.19,244.37,5
1499561363,244.19,244.37,5
1499561364,244.20956,244.37,5
1499561365,244.26,244.37,5
1499561366,244.26,244.37,5
1499561367,244.2163,244.37,5
1499561368,244.2163,244.37,5
1499561369,244.26,244.37,5
1499561370,244.26,244.37,5
1499561371,244.26,244.37,5
1499561372,244.26,244.37,5
1499561373,244.26,244.37,5
1499561374,244.26,244.37,5
1499561375,244.26,244.37,5
1499561376,244.26,244.37,5
1499561377,244.26,244.37,5
1499561378,244.26,244.37,5
1499561379,244.26,244.37,5
1499561380,244.26,244.37,5
1499561381,244.284,244.33,5
1499561382,244.3,244.37,5
1499561383,244.3,244.37,5
1499561384,244.3,244.37,5
1499561385,244.3,244.37,5
1499561386,244.3,244.37,5
1499561387,244.3,244.37,5
1499561388,244.3,244.37,5
1499561389,244.3,244.37,5
1499561390,244.3,244.37,5
1499561391,244.288,244.37,5
1499561392,244.288,244.37,5
1499561393,244.288,244.37,5
1499561394,244.288,244.37,5
1499561395,244.288,244.37,5
1499561396,244.288,244.37,5
1499561397,244.288,244.37,5
1499561398,244.288,244.37,5
1499561399,244.288,244.37,5
1499561400,244.288,244.37,5
1499561401,244.28,244.37,5
1499561402,244.28,244.37,5
1499561403,244.25,244.37,5
1499561404,244.25,244.37,5
1499561405,244.25,244.37,5
1499561406,244.25,244.37,5
1499561407,244.25,244.37,5
1499561408,244.28,244.37,5
1499561409,244.29,244.37,5
1499561410,244.29,244.37,5
1499561411,244.28,244.37,5
1499561412,244.28,244.36,5
1499561413,244.28,244.36,5
1499561414,244.28,244.29,5
1499561415,244.28,244.29,5
1499561416,244.28,244.29,5
1499561417,244.28,244.29,5
1499561418,244.28,244.29,5
1499561419,244.28,244.29,5
1499561420,244.28,244.29,5
1499561421,244.28,244.29,5
1499561422,244.28,244.29,5
1499561423,244.28,244.29,5
1499561424,244.28,244.29,5
1499561425,244.28,244.29,5
1499561426,244.28,244.29,5
1499561427,244.28,244.29,5
1499561428,244.28,244.29,5
1499561429,244.28,244.29,5
1499561430,244.28,244.29,5
1499561431,244.28,244.29,5
1499561432,244.27,244.29,5
1499561433,244.16238,244.3,5
1499561434,244.26,244.29,5
1499561435,244.26,244.29,5
1499561436,244.26,244.29,5
1499561437,244.26,244.29,5
1499561438,244.26,244.29,5
1499561439,244.17586,244.29,5
1499561440,244.17586,244.29,5
1499561441,244.1826,244.29,5
1499561442,244.26,244.29,5
1499561443,244.26,244.29,5
1499561444,244.26,244.29,5
1499561445,244.26,244.29,5
1499561446,244.26,244.29,5
1499561447,244.26,244.29,5
1499561448,244.26,244.29,5
1499561449,244.26,244.29,5
1499561450,244.26,244.29,5
1499561451,244.26,244.29,5
1499561452,244.26,244.29,5
1499561453,244.26,244.29,5
1499561454,244.26,244.29,5
1499561455,244.26,244.29,5
1499561456,244.26,244.29,5
1499561457,244.26,244.29,5
1499561458,244.26,244.29,5
1499561459,244.27,244.29,5
1499561460,244.26,244.29,5
1499561461,244.18934,244.29,5
1499561462,244.18934,244.29,5
1499561463,244.18934,244.29,5
1499561464,244.18934,244.29,5
1499561465,244.18934,244.29,5
1499561466,244.18934,244.29,5
1499561467,244.18934,244.29,5
1499561468,244.18934,244.29,5
1499561469,244.18934,244.29,5
1499561470,244.26,244.29,5
1499561471,244.26,244.29,5
1499561472,244.26,244.29,5
1499561473,244.26,244.29,5
1499561474,244.26,244.29,5
1499561475,244.26,244.29,5
1499561476,244.20282,244.29,5
1499561477,244.20282,244.29,5
1499561478,244.20282,244.29,5
1499561479,244.20282,244.29,5
1499561480,244.20282,244.29,5
1499561481,244.20282,244.29,5
1499561482,244.26,244.29,5
1499561483,244.20282,244.29,5
1499561484,244.20956,244.26,5
1499561485,244.20956,244.26,5
1499561486,244.20956,244.26,5
1499561487,244.20956,244.26,5
1499561488,244.2163,244.26,5
1499561489,244.2163,244.26,5
1499561490,244.2163,244.26,5
1499561492,244.2163,244.26,5
1499561493,244.2163,244.26,5
1499561494,244.2163,244.26,5
1499561495,244.2163,244.26,5
1499561496,244.2163,244.26,5
1499561497,244.2163,244.26,5
1499561498,244.2163,244.26,5
1499561499,244.2163,244.26,5
1499561500,244.2163,244.26,5
1499561501,244.2163,244.26,5
1499561502,244.2163,244.26,5
1499561503,244.2163,244.26,5
1499561504,244.2163,244.26,5
1499561505,244.2163,244.26,5
1499561506,244.2163,244.26,5
1499561507,244.2163,244.26,5
1499561508,244.2163,244.26,5
1499561509,244.22304,244.26,5
1499561510,244.22304,244.26,5
1499561511,244.22304,244.26,5
1499561512,244.22304,244.26,5
1499561513,244.22304,244.26,5
1499561514,244.22304,244.26,5
1499561515,244.22304,244.26,5
1499561516,244.22304,244.26,5
1499561517,244.22304,244.26,5
1499561518,244.22304,244.26,5
1499561519,244.22304,244.26,5
1499561520,244.22304,244.26,5
1499561521,244.22304,244.26,5
1499561522,244.22304,244.26,5
1499561523,244.22304,244.26,5
1499561524,244.22304,244.26,5
1499561525,244.22304,244.26,5
1499561526,244.22304,244.26,5
1499561527,244.22304,244.26,5
1499561528,244.22304,244.26,5
1499561529,244.22304,244.26,5
1499561530,244.22304,244.26,5
1499561531,244.22304,244.26,5
1499561532,244.22304,244.26,5
1499561533,244.22304,244.26,5
1499561534,244.22304,244.26,5
1499561535,244.22304,244.26,5
1499561536,244.22304,244.26,5
1499561537,244.22304,244.26,5
1499561538,244.22304,244.26,5
1499561539,244.22304,244.26,5
1499561540,244.22304,244.26,5
1499561541,244.22304,244.26,5
1499561542,244.22304,244.26,5
1499561543,244.22304,244.26,5
1499561544,244.22304,244.26,5
1499561545,244.22304,244.26,5
1499561546,244.22304,244.26,5
1499561547,244.22304,244.26,5
1499561548,244.22304,244.26,5
1499561549,244.22304,244.26,5
1499561550,244.22304,244.26,5
1499561551,244.22304,244.26,5
1499561552,244.22304,244.26,5
1499561553,244.22304,244.26,5
1499561554,244.22304,244.26,5
1499561555,244.22304,244.26,5
1499561556,244.22304,244.26,5
1499561557,244.22304,244.26,5
1499561558,244.22304,244.26,5
1499561559,244.22304,244.26,5
1499561560,244.22304,244.26,5
1499561561,244.22304,244.26,5
1499561562,244.22304,244.26,5
1499561563,244.22304,244.26,5
1499561564,244.22304,244.26,5
1499561565,244.22304,244.26,5
1499561566,244.22304,244.26,5
1499561567,244.22304,244.26,5
1499561568,244.22304,244.26,5
1499561569,244.22304,244.26,5
1499561570,244.22304,244.26,5
1499561571,244.22304,244.26,5
1499561572,244.22978,244.26,5
1499561573,244.22978,244.26,5
1499561574,244.22978,244.26,5
1499561575,244.22978,244.26,5
1499561576,244.22978,244.26,5
1499561577,244.22978,244.26,5
1499561578,244.22978,244.26,5
1499561579,244.22978,244.26,5
1499561580,244.22978,244.26,5
1499561581,244.23652,244.26,5
1499561582,244.23652,244.26,5
1499561583,244.23652,244.26,5
1499561584,244.23652,244.26,5
1499561585,244.23652,244.26,5
1499561586,244.23652,244.26,5
1499561587,244.23652,244.26,5
1499561588,244.23652,244.26,5
1499561589,244.24326,244.26,5
1499561590,244.24326,244.26,5
1499561591,244.24326,244.26,5
1499561592,244.24326,244.26,5
1499561593,244.24326,244.26,5
1499561594,244.24326,244.26,5
1499561595,244.24326,244.26,5
1499561596,244.24326,244.26,5
1499561597,244.24326,244.26,5
1499561598,244.24326,244.26,5
1499561599,244.24326,244.26,5
1499561600,244.24326,244.26,5
1499561601,244.24326,244.26,5
1499561602,244.24326,244.26,5
1499561603,244.24326,244.26,5
1499561604,244.24326,244.26,5
1499561605,244.24326,244.26,5
1499561606,244.24326,244.26,5
1499561607,244.24326,244.26,5
1499561608,244.24326,244.26,5
1499561609,244.25,244.26,5
1499561610,244.25,244.26,5
1499561611,244.25,244.26,5
1499561612,244.25,244.26,5
1499561613,244.25,244.26,5
1499561614,244.12868,244.26,5
1499561615,244.12868,244.26,5
1499561616,244.12868,244.26,5
1499561617,244.12868,244.26,5
1499561618,244.12868,244.26,5
1499561619,244.12868,244.26,5
1499561620,244.12868,244.26,5
1499561621,244.12868,244.26,5
1499561622,244.12868,244.26,5
1499561623,244.12868,244.26,5
1499561624,244.13542,244.26,5
1499561625,244.13542,244.26,5
1499561626,244.13542,244.26,5
1499561627,244.13542,244.26,5
1499561628,244.13542,244.26,5
1499561629,244.13542,244.26,5
1499561630,244.14216,244.26,5
1499561631,244.14216,244.26,5
1499561632,244.1489,244.26,5
1499561633,244.1489,244.26,5
1499561634,244.1489,244.26,5
1499561635,244.1489,244.26,5
1499561636,244.1489,244.26,5
1499561637,244.15564,244.26,5
1499561638,244.15564,244.26,5
1499561639,244.16238,244.26,5
1499561640,244.16912,244.26,5
1499561641,244.16912,244.26,5
1499561642,244.16912,244.26,5
1499561643,244.16912,244.26,5
1499561644,244.16912,244.26,5
1499561645,244.16912,244.26,5
1499561646,244.17586,244.26,5
1499561647,244.17586,244.26,5
1499561648,244.17586,244.26,5
1499561649,244.1826,244.26,5
1499561650,244.1826,244.26,5
1499561651,244.1826,244.26,5
1499561652,244.1826,244.26,5
1499561653,244.1826,244.26,5
1499561654,244.1826,244.26,5
1499561655,244.1826,244.26,5
1499561656,244.1826,244.26,5
1499561657,244.1826,244.26,5
1499561658,244.1826,244.26,5
1499561659,244.1826,244.26,5
1499561660,244.18934,244.26,5
1499561661,244.18934,244.26,5
1499561662,244.18934,244.26,5
1499561663,244.18934,244.26,5
1499561664,244.18934,244.26,5
1499561665,244.18934,244.26,5
1499561666,244.18934,244.26,5
1499561667,244.18934,244.26,5
1499561668,244.18934,244.26,5
1499561669,244.18934,244.26,5
1499561670,244.18934,244.26,5
1499561671,244.18934,244.26,5
1499561672,244.18934,244.26,5
1499561673,244.19608,244.26,5
1499561674,244.19608,244.26,5
1499561675,244.19608,244.26,5
1499561676,244.19608,244.26,5
1499561677,244.19608,244.26,5
1499561678,244.19608,244.26,5
1499561679,244.19608,244.26,5
1499561680,244.19608,244.26,5
1499561681,244.19608,244.26,5
1499561682,244.19608,244.26,5
1499561683,244.19608,244.26,5
1499561684,244.19608,244.26,5
1499561685,244.20282,244.26,5
1499561686,244.20282,244.26,5
1499561687,244.20282,244.26,5
1499561688,244.20282,244.26,5
1499561689,244.20282,244.26,5
1499561690,244.20282,244.26,5
1499561692,244.20282,244.26,5
1499561693,244.20282,244.26,5
1499561694,244.20282,244.26,5
1499561695,244.20282,244.26,5
1499561696,244.20282,244.26,5
1499561697,244.20282,244.26,5
1499561698,244.20282,244.26,5
1499561699,244.20282,244.26,5
1499561700,244.20282,244.26,5
1499561701,244.20282,244.26,5
1499561702,244.20282,244.26,5
1499561703,244.20282,244.26,5
1499561704,244.20956,244.26,5
1499561705,244.20956,244.26,5
1499561706,244.20956,244.26,5
1499561707,244.20956,244.26,5
1499561708,244.20956,244.26,5
1499561709,244.2163,244.26,5
1499561710,244.2163,244.26,5
1499561711,244.2163,244.26,5
1499561712,244.2163,244.26,5
1499561713,244.2163,244.26,5
1499561714,244.2163,244.26,5
1499561715,244.2163,244.26,5
1499561716,244.2163,244.26,5
1499561717,244.2163,244.26,5
1499561718,244.22304,244.26,5
1499561719,244.22304,244.26,5
1499561720,244.22304,244.26,5
1499561721,244.22304,244.26,5
1499561722,244.22304,244.26,5
1499561723,244.22304,244.26,5
1499561734,244.22304,244.26,5
1499561747,244.22304,244.26,5
1499561749,244.22304,244.26,5
1499561759,244.22304,244.26,5
1499561761,244.22304,244.26,5
1499561766,244.22304,244.26,5
1499561785,244.22978,244.26,5
1499561793,244.23652,244.26,5
1499561794,244.23652,244.2699816,5
1499561796,244.24326,244.2699816,5
1499561805,244.24326,244.2699816,5
1499561806,244.24326,244.2699816,5
1499561807,244.24326,244.2699816,5
1499561811,244.24326,244.2699816,5
1499561817,244.24326,244.2699816,5
1499561820,244.24326,244.2699816,5
1499561822,244.24,244.25,5
1499561824,244.24,244.25,5
1499561825,244.24,244.25,5
1499561826,244.24,244.25,5
1499561829,244.07,244.25,5
1499561835,244.07,244.25,5
1499561836,244.07,244.25,5
1499561839,244.07,244.25,5
1499561846,244.07,244.25,5
1499561847,244.08,244.18,5
1499561848,244.08,244.25,5
1499561849,244.08,244.24,5
1499561850,244.07,244.24,5
1499561851,244.07,244.24,5
1499561852,244.07,244.24,5
1499561853,244.07,244.24,5
1499561854,244.08,244.24,5
1499561855,244.08,244.25,5
1499561856,244.08,244.25,5
1499561857,244.08,244.25,5
1499561858,244.08,244.25,5
1499561859,244.08,244.25,5
1499561860,244.08,244.25,5
1499561861,244.08,244.25,5
1499561862,244.08,244.25,5
1499561863,244.08,244.25,5
1499561864,244.08,244.25,5
1499561865,244.08,244.24,5
1499561866,244.08,244.24,5
1499561867,244.08,244.24,5
1499561868,244.08,244.24,5
1499561869,244.08,244.24,5
1499561870,244.08,244.2699816,5
1499561871,244.07,244.2699816,5
1499561872,244.07,244.2699816,5
1499561873,244.07,244.2699816,5
1499561874,244.07,244.2699816,5
1499561875,244.07,244.2699816,5
1499561876,244.07,244.2699816,5
1499561877,244.07,244.2699816,5
1499561878,244.07,244.2699816,5
1499561879,244.08,244.18,5
1499561880,244.08,244.17,5
1499561881,244.07,244.17,5
1499561882,244.07,244.17,5
1499561883,244.07,244.17,5
1499561884,244.07,244.17,5
1499561885,243.81,244,5
1499561886,243.81,244,5
1499561887,243.81,243.99,5
1499561888,243.82,243.99,5
1499561889,243.82,243.99,5
1499561890,243.82,243.97,5
1499561891,243.82,243.97,5
1499561892,243.82,243.95,5
1499561893,243.82,243.95,5
1499561894,243.82,243.94,5
1499561895,243.82,243.93,5
1499561896,243.82,243.92,5
1499561897,243.82,243.91,5
1499561898,243.82,243.89,5
1499561899,243.82,243.88,5
1499561900,243.82,243.87,5
1499561901,243.82,243.87,5
1499561902,243.82,243.86,5
1499561903,243.82,243.86,5
1499561904,243.82,243.84,5
1499561905,243.82,243.84,5
1499561906,243.82,243.83,5
1499561907,243.81,243.83,5
1499561908,243.81,243.83,5
1499561909,243.81,243.83,5
1499561910,243.81,243.83,5
1499561911,243.81,243.83,5
1499561912,243.81,243.83,5
1499561913,243.81,243.91,5
1499561914,243.81,243.91,5
1499561915,243.82,243.88,5
1499561916,243.82,243.88,5
1499561917,243.82,243.87,5
1499561918,243.82,243.86,5
1499561919,243.81,243.85,5
1499561920,243.81,243.84,5
1499561921,243.81,243.82,5
1499561922,243.81,243.82,5
1499561923,243.81,243.83,5
1499561924,243.81,243.83,5
1499561925,243.81,243.83,5
1499561926,243.81,243.83,5
1499561927,243.81,243.83,5
1499561928,243.83,243.86,5
1499561929,243.82,243.86,5
1499561930,243.82,243.84,5
1499561931,243.81,243.84,5
1499561932,243.82,243.84,5
1499561933,243.82,243.84,5
1499561934,243.82,243.88,5
1499561935,243.82,243.92,5
1499561936,243.82,243.92,5
1499561937,243.82,244,5
1499561938,243.82,244,5
1499561939,243.82,244,5
1499561940,243.82,244,5
1499561941,243.82,244,5
1499561942,243.82,244,5
1499561943,243.82,243.99,5
1499561944,243.82,243.99,5
1499561945,243.82,243.99,5
1499561946,243.82,243.99,5
1499561947,243.82,243.99,5
1499561948,243.82,243.99,5
1499561949,243.81,243.99,5
1499561950,243.82,243.99,5
1499561951,243.82,243.99,5
1499561952,243.82,243.99,5
1499561953,243.82,243.99,5
1499561954,243.82,243.99,5
1499561955,243.82,243.99,5
1499561956,243.82,243.99,5
1499561957,243.82,243.99,5
1499561958,243.81,243.99,5
1499561959,243.81,243.99,5
1499561960,243.81,243.84,5
1499561961,243.81,243.84,5
1499561962,243.82,243.84,5
1499561963,243.82,243.84,5
1499561964,243.82,243.84,5
1499561965,243.82,243.84,5
1499561966,243.82,243.84,5
1499561967,243.82,243.84,5
1499561968,243.82,243.99,5
1499561969,243.82,244,5
1499561970,243.82,244,5
1499561971,243.82,244,5
1499561972,243.82,244,5
1499561973,243.82,244,5
1499561974,243.83,244,5
1499561978,243.82,244,5
1499561979,243.82,244,5
1499561980,243.82,243.99,5
1499561981,243.82,243.99,5
1499561982,243.82,243.99,5
1499561983,243.82,243.99,5
1499561984,243.82,243.99,5
1499561985,243.81,243.99,5
1499561986,243.81,243.99,5
1499561987,243.81,243.99,5
1499561988,243.81,243.99,5
1499561989,243.81,243.98,5
1499561990,243.81,243.97,5
1499561991,243.81,243.95,5
1499561992,243.82,243.95,5
1499561993,243.82,243.94,5
1499561994,243.82,243.93,5
1499561995,243.82,243.91,5
1499561996,243.82,243.91,5
1499561997,243.82,243.89,5
1499561998,243.82,243.88,5
1499561999,243.82,243.87,5
1499562000,243.82,243.87,5
1499562001,243.82,243.84,5
1499562002,243.82,243.83,5
1499562003,243.82,243.83,5
1499562004,243.82,243.83,5
1499562005,243.82,243.83,5
1499562006,243.81,243.83,5
1499562007,243.81,243.83,5
1499562008,243.81,243.83,5
1499562009,243.81,243.83,5
1499562010,243.81,243.83,5
1499562011,243.81,243.83,5
1499562012,243.81,243.83,5
1499562013,243.81,243.83,5
1499562014,243.81,243.83,5
1499562015,243.81,243.83,5
1499562016,243.81,243.83,5
1499562018,243.81,243.99,5
1499562019,243.81,243.98,5
1499562020,243.82,243.97,5
1499562021,243.83,243.97,5
1499562022,243.83,243.97,5
1499562023,243.83,243.96,5
1499562024,243.84,243.96,5
1499562026,243.84,243.94,5
1499562027,243.84,243.94,5
1499562031,243.84,243.95,5
1499562032,243.84,243.94,5
1499562033,243.84,243.93,5
1499562035,243.84,243.92,5
1499562036,243.84,243.92,5
1499562037,243.84,243.92,5
1499562039,243.85,243.92,5
1499562040,243.86,243.92,5
1499562041,243.86,243.91,5
1499562043,243.86,243.9,5
1499562044,243.86,243.9,5
1499562045,243.86,243.89,5
1499562050,243.86,243.88,5
1499562051,243.86,243.88,5
1499562052,243.86,243.88,5
1499562054,243.86,243.87,5
1499562055,243.86,243.87,5
1499562056,243.86,243.88,5
1499562058,243.86,243.87,5
1499562061,243.86,243.87,5
1499562062,243.86,243.87,5
1499562064,243.86,243.87,5
1499562066,243.86,243.87,5
1499562068,243.86,243.87,5
1499562069,243.86,243.87,5
1499562071,243.86,243.87,5
1499562072,243.81,243.87,5
1499562074,243.81,243.87,5
1499562076,243.81,243.87,5
1499562077,243.81,243.98,5
1499562080,243.81,243.97,5
1499562081,243.81,243.95,5
1499562083,243.82,243.94,5
1499562084,243.82,243.94,5
1499562085,243.82,243.94,5
1499562087,243.82,243.92,5
1499562088,243.82,243.89,5
1499562089,243.82,243.91,5
1499562090,243.82,243.9,5
1499562091,243.82,243.89,5
1499562092,243.82,243.87,5
1499562093,243.82,243.86,5
1499562094,243.82,243.84,5
1499562096,243.82,243.83,5
1499562097,243.82,243.83,5
1499562098,243.82,243.83,5
1499562100,243.82,243.83,5
1499562103,243.82,243.83,5
1499562106,243.82,243.83,5
1499562109,243.82,243.83,5
1499562111,243.82,243.83,5
1499562112,243.82,243.83,5
1499562113,243.82,243.83,5
1499562114,243.81,243.83,5
1499562115,243.81,243.869959,5
1499562116,243.81,243.8399959,5
1499562117,243.81,243.82,5
1499562118,243.81,243.82,5
1499562119,243.81,243.83,5
1499562121,243.81,243.83,5
1499562122,243.81,243.83,5
1499562123,243.81,243.83,5
1499562124,243.81,243.83,5
1499562129,243.81,243.8499877,5
1499562130,243.76,243.8499877,5
1499562131,243.77,243.8499877,5
1499562132,243.77,243.82,5
1499562133,243.77,243.82,5
1499562134,243.77,243.82,5
1499562136,243.77,243.81,5
1499562137,243.77,243.8,5
1499562138,243.77,243.78,5
1499562140,243.77,243.79,5
1499562141,243.77,243.78,5
1499562142,243.77,243.78,5
1499562143,243.77,243.78,5
1499562144,243.77,243.78,5
1499562145,243.77,243.78,5
1499562150,243.77,243.78,5
1499562151,243.76,243.78,5
1499562153,243.76,243.819959,5
1499562154,243.76,243.8099754,5
1499562155,243.76,243.8099754,5
1499562157,243.76,243.7999877,5
1499562158,243.76,243.78,5
1499562159,243.76,243.77,5
1499562161,243.76,243.78,5
1499562162,243.76,243.78,5
1499562163,243.76,243.879713,5
1499562165,243.76,243.8498729,5
1499562166,243.76,243.8399098,5
1499562167,243.76,243.8299385,5
1499562168,243.76,243.8299385,5
1499562169,243.76,243.78,5
1499562170,243.76,243.78,5
1499562173,243.76,243.78,5
1499562175,243.76,243.78,5
1499562176,243.76,243.78,5
1499562178,243.76,243.78,5
1499562179,243.76,243.78,5
1499562180,243.76,243.78,5
1499562182,243.7,243.76,5
1499562183,243.7,243.75,5
1499562184,243.7,243.74,5
1499562185,243.7,243.73,5
1499562186,243.7,243.71,5
1499562188,243.7,243.72,5
1499562189,243.7,243.72,5
1499562191,243.7,243.71,5
1499562192,243.7,243.71,5
1499562193,243.7,243.71,5
1499562194,243.7,243.71,5
1499562195,243.7,243.71,5
1499562196,243.7,243.71,5
1499562197,243.7,243.71,5
1499562201,243.7,243.71,5
1499562203,243.56,243.71,5
1499562204,243.56,243.71,5
1499562205,243.56,243.71,5
1499562206,243.54,243.71,5
1499562209,243.54,243.71,5
1499562210,243.54,243.71,5
1499562212,243.54,243.7,5
1499562213,243.54,243.7,5
1499562214,243.55,243.69,5
1499562215,243.56,243.68,5
1499562216,243.57,243.66,5
1499562217,243.57,243.65,5
1499562218,243.57,243.65,5
1499562219,243.57,243.63,5
1499562220,243.57,243.62,5
1499562221,243.57,243.62,5
1499562222,243.57,243.61,5
1499562223,243.57,243.61,5
1499562224,243.57,243.61,5
1499562226,243.57,243.6,5
1499562227,243.57,243.6,5
1499562229,243.57,243.59,5
1499562230,243.57,243.58,5
1499562233,243.57,243.58,5
1499562235,243.57,243.67,5
1499562237,243.57,243.66,5
1499562239,243.57,243.65,5
1499562244,243.57,243.64,5
1499562245,243.57,243.63,5
1499562246,243.57,243.63,5
1499562252,243.57,243.62,5
1499562253,243.57,243.62,5
1499562254,243.57,243.61,5
1499562263,243.57,243.6,5
1499562264,243.57,243.59,5
1499562266,243.57,243.58,5
1499562267,243.57,243.58,5
1499562268,243.57,243.58,5
1499562269,243.57,243.58,5
1499562270,243.54,243.58,5
1499562271,241.93,243.58,5
1499562272,242,243.58,5
1499562273,242.1029874,243.58,5
1499562274,242.1400398,243.58,5
1499562275,242.1800386,243.58,5
1499562276,242.2000381,243.58,5
1499562277,242.2100378,243.58,5
1499562278,242.2200375,243.58,5
1499562279,242.240037,243.58,5
1499562280,242.2600364,243.58,5
1499562281,242.2600364,243.58,5
1499562282,242.2800359,243.58,5
1499562283,242.310035,243.62,5
1499562284,242.3200348,243.62,5
1499562285,242.3600336,243.59,5
1499562286,242.3800331,243.59,5
1499562287,242.4000325,243.6,5
1499562288,242.4000325,243.6,5
1499562289,242.420032,243.6,5
1499562290,242.4400314,243.59,5
1499562291,242.4400314,243.58,5
1499562292,242.4500311,243.58,5
1499562293,242.4800303,243.58,5
1499562294,242.4800303,243.58,5
1499562295,242.5000297,243.58,5
1499562296,242.5200292,243.58,5
1499562297,242.5200292,243.58,5
1499562298,242.5400286,243.58,5
1499562299,242.5400286,243.58,5
1499562300,242.5600281,243.58,5
1499562301,242.5800275,243.58,5
1499562302,242.5800275,243.58,5
1499562303,242.600027,243.58,5
1499562304,242.600027,243.58,5
1499562305,242.6200264,243.58,5
1499562306,242.6400259,243.58,5
1499562307,242.6400259,243.58,5
1499562308,242.6600253,243.58,5
1499562309,242.6600253,243.58,5
1499562310,242.6600253,243.58,5
1499562311,242.6800247,243.58,5
1499562312,242.6900245,243.58,5
1499562313,242.7200236,243.58,5
1499562314,242.7200236,243.58,5
1499562315,242.7400231,243.58,5
1499562316,242.780022,243.58,5
1499562317,242.8000214,243.58,5
1499562318,242.8200209,243.58,5
1499562319,242.8200209,243.58,5
1499562320,242.8400203,243.58,5
1499562321,242.8600197,243.58,5
1499562322,242.8600197,243.58,5
1499562323,242.8800192,243.63,5
1499562324,242.8900189,243.62,5
1499562325,242.9000186,243.6,5
1499562326,242.9200181,243.6,5
1499562327,242.9200181,243.58,5
1499562328,242.960017,243.58,5
1499562329,242.960017,243.59,5
1499562330,242.9800164,243.59,5
1499562331,243.0200153,243.58,5
1499562332,243.0200153,243.58,5
1499562333,243.0400147,243.58,5
1499562334,243.0400147,243.58,5
1499562335,243.0600142,243.58,5
1499562336,243.0700139,243.58,5
1499562337,243.0800136,243.58,5
1499562338,243.1000131,243.58,5
1499562339,243.1000131,243.58,5
1499562340,243.1200125,243.58,5
1499562341,243.1300122,243.58,5
1499562342,243.1600114,243.58,5
1499562343,243.1800108,243.58,5
1499562344,243.1800108,243.58,5
1499562345,243.1800108,243.58,5
1499562346,243.2000103,243.58,5
1499562347,243.2000103,243.58,5
1499562348,243.2200097,243.58,5
1499562349,243.2400092,243.58,5
1499562350,243.2400092,243.58,5
1499562351,243.2400092,243.58,5
1499562352,243.2400092,243.58,5
1499562353,243.2400092,243.58,5
1499562354,243.2400092,243.58,5
1499562355,243.2400092,243.58,5
1499562356,243.2400092,243.58,5
1499562357,243.2400092,243.58,5
1499562358,243.2400092,243.58,5
1499562359,243.2400092,243.58,5
1499562360,243.2400092,243.58,5
1499562361,243.2400092,243.58,5
1499562362,243.2400092,243.58,5
1499562363,243.2400092,243.58,5
1499562364,243.2400092,243.58,5
1499562365,243.2400092,243.58,5
1499562366,243.2400092,243.58,5
1499562367,243.2400092,243.58,5
1499562368,243.2400092,243.58,5
1499562369,243.2400092,243.58,5
1499562370,243.2400092,243.58,5
1499562371,243.2400092,243.58,5
1499562372,243.2400092,243.58,5
1499562373,243.2400092,243.58,5
1499562375,243.2400092,243.58,5
1499562376,243.2400092,243.58,5
1499562377,243.2400092,243.58,5
1499562378,243.2400092,243.58,5
1499562379,243.2400092,243.58,5
1499562380,243.2400092,243.58,5
1499562381,243.2400092,243.58,5
1499562382,243.2400092,243.58,5
1499562383,243.2400092,243.58,5
1499562384,243.2400092,243.58,5
1499562385,243.2400092,243.58,5
1499562386,243.2400092,243.58,5
1499562387,243.2400092,243.58,5
1499562390,243.2400092,243.58,5
1499562391,243.2400092,243.58,5
1499562392,243.2400092,243.58,5
1499562393,243.2400092,243.58,5
1499562394,243.2400092,243.58,5
1499562395,243.2400092,243.58,5
1499562396,243.2400092,243.58,5
1499562397,243.2400092,243.58,5
1499562398,243.2400092,243.58,5
1499562399,243.2400092,243.58,5
1499562400,243.2400092,243.58,5
1499562401,243.2400092,243.58,5
1499562402,243.2400092,243.58,5
1499562403,243.2400092,243.58,5
1499562404,243.2400092,243.58,5
1499562405,243.2400092,243.58,5
1499562406,243.2400092,243.58,5
1499562407,243.2400092,243.58,5
1499562409,243.2400092,243.58,5
1499562410,243.2400092,243.58,5
1499562411,243.2400092,243.58,5
1499562412,243.2400092,243.58,5
1499562413,243.2400092,243.58,5
1499562414,243.2400092,243.58,5
1499562415,243.2400092,243.58,5
1499562416,243.2400092,243.58,5
1499562417,243.2400092,243.58,5
1499562418,243.2400092,243.58,5
1499562419,243.2400092,243.58,5
1499562420,243.2400092,243.58,5
1499562421,243.2400092,243.58,5
1499562422,243.2400092,243.58,5
1499562423,243.2400092,243.58,5
1499562424,243.2400092,243.58,5
1499562425,243.2400092,243.58,5
1499562426,243.2600086,243.58,5
1499562427,243.2600086,243.58,5
1499562428,243.2600086,243.58,5
1499562429,243.2600086,243.58,5
1499562430,243.2600086,243.58,5
1499562431,243.2600086,243.58,5
1499562432,243.2600086,243.58,5
1499562433,243.2600086,243.58,5
1499562434,243.2600086,243.58,5
1499562435,243.2600086,243.58,5
1499562436,243.2600086,243.58,5
1499562437,243.2600086,243.58,5
1499562438,243.2600086,243.58,5
1499562439,243.2600086,243.58,5
1499562440,243.2600086,243.58,5
1499562441,243.2600086,243.58,5
1499562443,243.2600086,243.58,5
1499562444,243.2600086,243.58,5
1499562445,243.2600086,243.58,5
